1731 2197
844 100 976 159 - 7 -
664 216 1236 307 LES ÉLECTIONS CANTONALES .
745 386 1555 450 C'est ainsi que les élections cantonales,
326 452 1619 521 succédant le 14 Décembre, aux élections municipales du 30 Novem-
329 532 1502 580 bre et au ballottage du 6 Décembre, j'ai été battu, contre
331 596 1611 653 toute attente, dans mon canton du Lude, limitrophe de La Flèche,
329 657 1556 723 et où je ne devais même pas avoir de concurrent, pas plus que
327 726 1617 787 dans ma commune. Mais, je le répète, le triomphe de la réaction
329 800 1580 853 aux élections législatives du 16 Novembre avait "donné du pied
324 865 1522 924 à la réaction", comme on dit dans le pays, et avait éveillé
329 926 1577 986 toutes les audaces. La pression officielle s'en mêlant, on ne
326 997 1613 1065 manqua pas d'invoquer ce fait que ma propre commune, qui me con-
327 1063 1575 1131 naissait, m'avait chassé !! ..."on ne voulait plus de/moi nulle
327 1124 1575 1188 part", "j'étais indigne!", "j'étais fini!". Ce n'était qu'une
329 1197 1573 1259 question de jours, de chûte en chûte, jusqu'à l'élection séna-
327 1252 509 1327 toriale.
734 1321 1556 1396 Encore dans ma commune, l'administration
326 1389 1566 1461 préfectorale n'avait pas pu trouver de concurrent à m'opposer.
324 1462 1553 1526 Ce n'est qu'en désespoir de cause qu'on avait fini par impro-
322 1532 1511 1590 viser une liste, avec, à sa tête, un marchand de fromages qui
322 1596 1626 1662 n'était même pas du pays, que nul n'estimait et on €en€ riait. Mais
322 1656 1626 1731 tout de même, c'est le marchand de fromages,- avec toute ma liste
318 1724 1401 1799 il est vrai,- qui fut élu contre moi, personnellement.
732 1801 1624 1863 Au Lude, on s'y prit autrement. Là, j'avais
