1740 2197
853 108 983 181 - 5 -
340 245 1630 311 commune a été saturée, ferme par ferme, pendant cinq ans. Natu-
338 316 1626 378 relles, parce que cette commune a toujours été la plus réaction-
337 388 1573 448 naire du Département; elle a failli plusieurs fois me mettre
340 455 1587 514 en minorité; j'y ai été élu en ballottage, à deux voix seule-
338 521 1630 576 ment de majorité, il y a une dizaine d'années. Le terrain était
337 589 1490 648 donc bon pour le travail de mes adversaires. Or, ils ont
340 653 1584 712 été secondés par ce fait que j'ai laissé sans y prendre garde,
338 717 1520 781 à cinq kilomètres de Clermont, le Sous-Préfet de la Flèche,
337 789 1606 847 dépasser de beaucoup, je crois, les instructions de son Gouver-
337 854 1470 919 nement et me combattre sans trêve, avec la municipalité
335 915 1663 977 intérimaire de la Flèche, pendant presque toute la guerre. Quicon-
337 983 1569 1045 que avait à se plaindre, dans ma commune, soit de n'avoir pas
335 1056 1604 1118 d'allocation, soit d'être moins bien traité ££e de son voisin, soit
335 1125 1622 1180 d'être soumis à des réquisitions trop fréquentes ou trop lourdes
335 1193 1641 1255 par le ravitaillement, etc...etc... trouvait à la sous-préfecture
335 1250 1604 1316 l'explication invariable de ses doléances: c'était la faute du
329 1321 1529 1384 Maire, toujours absent, et de son secrétaire de Mairie, qui
329 1389 1582 1450 abusait de son absence. Ajoutez, pour entretenir et envenimer
331 1459 1637 1523 cet état d'esprit, le désarroi des malheureux et des malheureuses
331 1526 1617 1583 qu'un deuil frappait et qui lisaient dans les journaux réaction-
329 1594 1576 1651 naires du crû, que M. d'Estournelles était "l'ami de l'Empereur
327 1658 1531 1724 d'Allemagne", "qu'il avait vu venir la guerre sans l'éviter,
329 1728 1534 1783 sans la préparer, sans rien dire", etc...etc... "qu'il était
331 1794 1635 1860 responsable du sang versé", que "son château était le rendez-vous
