1733 2197
833 106 956 161 - 8 -
309 228 1529 291 la population beaucoup plus pour moi que dans ma commune; il
313 309 1546 357 fallut aller chercher le Comte de Nicolaï, (gendre du Marquis
311 371 1601 422 de Talhouët, le concurrent que j'avais battu jadis, propriétaire
309 439 1524 501 du Château du Lude, neveu du Comte de Talhouët, nommé, le 16
309 507 1533 562 Novembre député dans les Deux-Sèvres , et du Comte de Juigné,
309 573 1525 631 également Député dans un autre Département, et de la famille
309 644 1502 701 Schneider enfin, du Creuzot). Le Comte de Nicolaï pourtant
311 704 1599 770 était un médiocre candidat. Sans doute il était maire d'un gros
309 776 1504 827 chef-lieu de canton du pays, le canton de Montfort, mais, à
309 842 1580 897 l'exception du chef-lieu, tout le canton était contre lui et le
307 909 1536 972 détestait. Il avait XXX laissé à l'armée, où il n'avait fait
307 977 1595 1039 que passer, les plus fâcheux souvenirs, comme incapable et comme
309 1043 1573 1107 embusqué. Enfin, je l'ai vu et entendu, pendant ma campagne et
305 1103 1489 1173 je l'ai jugé comme un pleutre, tout aristocrate qu'il soit.
516 1296 1450 1374 UNE PARENTHESE SUR L'ARISTOCRATIE FRANCAISE.
734 1402 1571 1471 Dans votre lettre du 22 Décembre, vous me
300 1473 1588 1532 dites, mon cher Butler, que c'est un bon signe de voir l'aristo-
300 1536 1544 1605 cratie française entrer à la Chambre des Députés. Je réponds:
300 1609 1569 1671 oui, si elle est sincère. J'ai fait jadis le même raisonnement
296 1675 1540 1735 que vous, et très modestement, à mes grands risques et périls,
298 1741 1447 1805 j'ai, pour ma part, contribué à donner l'exemple. Il est
300 1808 1485 1882 évident qu'un pays doit choisir sa représentation parmi les
