1760 2197
800 153 937 219 - 2 -
313 250 1635 320 est devenu un conférencier assez apprécié pour gagner sa vie, sans
315 314 1597 378 mon aide, tout en poursuivant ses études dans la ligne qui l'in-
316 380 1597 444 téresse. Il n'a déjà que l'embarras du choix des entreprises et
315 446 1564 518 des relations; il réussit enfin au delà de mon attente et dans
313 521 1540 587 une voie qui ne peut aller qu'en s'élargissant et en montant.
318 644 1584 721 sans jamais me demander mon secours, comme il s'est marié, mais
626 580 1578 642 Vous remarquerez qu'il a fait cela de lui-même,
316 712 1620 798 toujours avec la certitude anticipée de mon approbation. Un jour
316 778 1461 858 viendra j'espère, je le crois, où c'est lui qui m'aidera.
776 887 1368 981 Votre affectueusement dévoué,
309 1290 523 1358 1 annexe.
221 1352 1049 1431 à Monsieur le Président N! Murray BUTLER
468 1404 659 1444 NEW-YORK
