1737 2197
798 119 952 168 - 12 -
294 205 1555 278 pensée qui est généreuse et sage, et dans la direction de notre
296 281 1650 340 but vraiment supérieur. Il a fait, en somme, une excellente impres-
294 349 1551 413 sion. C'est un brave homme, en même temps qu'un coeur vaillant.
294 413 1577 494 Nous avons fait une bonne action en le mettant, €€ €€ €€
298 488 1612 549 en communication avec Lichtenberger d'abord, dont le rapport a été
293 554 778 613 tout à fait remarquable,
450 611 1531 679 Quand nos a is les Trustees liront nos procès-verbaux,
294 677 1579 741 quand ils verront dans quel noble langage et avec quelle liberté
294 750 1614 803 d'esprit la question des relations franco-allemandes a été traitée
291 811 1539 876 à Paris, au Centre Européen de la Dotation Carnegie, en pleine
293 878 1522 939 crise de la Ruhr, et malgré la froideur à peine dissimulée du
294 942 1573 995 Gouvernement, ils se rendront compte du caractère parfois diffi-
293 1005 1610 1069 cile, mais d'autant plus méritoire, de notre mission et des servi-
294 1071 729 1133 ces que nous rendons.
450 1135 1588 1195 Je n'insiste pas. Vous avez été frappé, comme nous tous,
291 1204 1537 1261 de la beauté de cette séance, et je suis heureux de savoir que
293 1266 1555 1323 votre intention est de faire reproduire aux Etats-Unis, le plus
294 1331 1454 1398 largement possible, la traduction du discours de Foerster.
450 1396 1608 1461 Ce que Nippold a dit été également important, et sa con-
298 1471 1594 1525 clusion est que, même dans la Sarre, et malgré tout, les familles
300 1537 1610 1592 françaises et les familles allemandes peuvent cohabiter en parfait
293 1600 1354 1660 accord, si seulement on les laisse vivre tranquilles.
448 1667 1592 1722 Il faut faire crédit, et un crédit bien naturel, aux sen-
296 1722 1628 1781 timents de la France et de la Belg€€, apr!s ce qu'elles ont souf-
300 1786 1612 1849 fert, et ce qu'elles souffrent, €€ €€€ €€€ et ce
302 1860 1608 1924 qu'elles sont menacées de souffri€r encore des infamies du milita-
298 1909 613 1980 risme allemand.
452 1977 1652 2054 J'espère que nos procès-verbaux ne seront pas trop inférieurs
