1737 2197
863 111 987 166 - 4 -
324 238 1636 309 dans le pays; mais, en même temps, un signal d'alarme pour l'en-
324 314 1595 371 semble de notre démocratie, accablée. On le vit bien aux élec-
326 380 1597 444 tions municipales, le 30 Novembre. Là, les choses reprirent, à
326 443 760 497 peu près, leur cours.
657 631 1256 704 LES ÉLECTIONS MUNICIPALES .
736 774 1628 833 Malgré l'impopularité ou la fatigue de beau-
324 834 1612 893 coup d'administrations locales, dont on n'a pas toujours reconnu
316 908 1594 966 le dévouement et les services pendant la guerre, la plupart des
322 975 1628 1027 élections consolidèrent les municipalités républicaines antérieu-
322 1039 1573 1094 res. Dans ma commune, par exemple, à Clermont-Créans, mes ad-
318 1100 1529 1175 versaires ont profité, il est vrai, comme vous savez, de mes
316 1168 1451 1232 absences et de mon voyage en Amérique, notament, et de/ma
320 1233 1583 1309 confiance excessive, pour me faire battre, moi personnellement;
318 1317 1550 1367 mais tous mes hommes ont été élus ou réélus; si bien que les
316 1376 1566 1433 délégués sénatoriaux nommés ensuite par le nouveau Conseil Mu-
316 1437 1606 1503 nicipal, ont été mon ancien adjoint et le même conseiller qu'au-
316 1499 1623 1580 trefois. Je n'y ai pas perdu une voix. Et de même dans beaucoup
315 1569 692 1633 d'autres communes.
311 1706 1639 1768 de mon échec dans ma commune. Ces causes sont à la fois fâcheuses
707 1644 1544 1699 Ici j'ouvre une parenthèse sur les causes
307 1774 1540 1839 et naturelles. Fâcheuses parce que les électeurs qui me con-
307 1839 1522 1915 naissent n'auraient pas dû ajouter foi aux calomnies dont la
