1739 2197
842 153 978 214 - 7 -
430 216 1630 289 Les procès-verbaux me dispensent d'insister sur ces séances,
273 281 1647 355 d'un intérêt vriament exceptionnel, et qui a dépassé notre espérance,
278 353 1630 422 comme celui de l'Assemblée Générale de la Conciliation de la veille.
432 426 1612 485 Je dirai seulement que, soit avant, soit après les séances,
278 494 1616 552 soit dans les intervalles, chacun a naturellement visité attentive-
276 563 1656 616 ment notre nouvel immeuble. Nous avons eu la satisfaction de voir le
280 620 1161 690 succès répondre pleinement à nos espérances.
436 686 1603 756 Certains de nos membres, particulièrement le Baron Suédois
278 756 1601 823 ADELSWARD, ayant insisté, outre mesure, sur le caract§ère somptueux
276 833 1619 880 de nos dépenses et sur les sacrifices que ces dépenses infligeaient
278 898 1579 955 à des organisations nécessite€ses que je connais d'ailleurs mieux
280 955 1563 1019 que lui, j'ai pris sur moi de déclarer expressément, et une fois
280 1027 1581 1087 pour toutes, que l'achat de cet hôtel était pour nous, non pas un
282 1091 1619 1149 luxe, mais un placement louable, et même enviable. J'ai ajouté que
278 1158 1544 1215 nous n'avions sacrifié personne, ni les sociétés de la Paix, ni
284 1224 1638 1279 l'Union Interparlementaire - dont le Baron suédois s'est fait l'avo-
284 1285 1636 1354 cat un peu/trop lourdement zélé, encore moins la Société des Nations,
280 1358 1577 1420 pour laquelle je n'ai pas hésité à me compromettre, en engageant,
285 1417 1656 1488 sans aucune autorisation, des dépenses assez considérables pour payer
285 1493 1621 1550 son loyer à Paris, son secrétaire et ses publications. J'avoue que
285 1561 1524 1614 ce neutre Suédois, si exigeant pour la Dotation Carnegie, pour
280 1614 1619 1680 l'Amérique et pour la France, m'a porté sur les nerfs, et qu'il m'a
289 1678 1575 1744 fallu de la patience pour ne pas céder à l'agacement de mes amis,
284 1750 1597 1812 excédés de ses interventions. Il ne s'est d'ailleurs ap€eçu aucu-
285 1821 1667 1887 nement de l'effet qu'il a produit et il est parti tout à fait content,
285 1882 1564 1949 après avoir touché ses frais de voyage et de séjour, s'élevant à
285 1953 1579 2023 près de 3.000 Francs, qu'il n'aura pas classés, je suppose, parmi
