1736 2197
767 177 900 250 - 3 -
303 291 1615 347 Président du Groupe des Régions Dévastées, Lucien Hubert, Sénateur
305 360 1604 410 des Ardennes, et le Vice-Président M. Gouge; ainsi que M. Merlin
309 422 1602 477 (Henri) Sénateur de la Marne, pour Reims, au nom de M. Léon Bour-
305 497 1584 547 geois, malade. M. Accambray, député de l'Aisne, et représentant
302 551 1600 609 spécialement Fargniers, Godart, ancien Vice-Président de la Cham-
303 615 1646 677 bre des Députés, Vice-Président de la Dotation. Vous avez répondu ,
305 686 1598 748 en Français et en Anglais, aux applaudissements des deux groupes.
303 746 1624 812 Après quoi nous avons fait les honneurs du Sénat aux représentants
300 820 1644 886 des trois divisions de la Dotation et rencontré nombre de Sénateurs
303 886 426 942 amis.
455 953 1567 1006 Le soir dîner intime rue Molitor en votre honneur et en
303 1016 1584 1069 l'honneur des Scott. Shotwell arrivé de Londres dans la journée
305 1082 1563 1146 n'avait pu venir mais était de coeur des nôtres. Y assistaient
298 1140 1234 1210 mon collègue Gaston Ménier, Lichtenberger. £
457 1217 1585 1276 Le lendemain, Vendredi 6, à 9 h. 1/2 du matin, Assemblée
303 1274 1600 1345 Générale de la Conciliation. Admirablement réussie, nombreuse et
302 1345 485 1407 choisie.
459 1409 1620 1466 J'ai expliqué pourquoi il ne fallait pas confondre la Con-
303 1479 1618 1539 ciliation et la Dotation; pourquoi il fallait, à mon sens, laisser
300 1541 1600 1607 à la Conciliation Française son indépendance avec ses responsabi-
305 1603 1633 1666 lités particulières, et profiter de ses initiatives, parfois diffi-
302 1669 1602 1726 ciles, pour éclairer et préparer le terrain de la Dotation. Vous
303 1742 1545 1799 avez parlé dans le même sens. "Jamais je n'ai si bien compris
303 1807 1598 1869 l'utilité de la Conciliation qu'en écoutant l'exposé du Président
305 1865 1142 1931 Butler", a dit l'un de nos collaborateurs.
461 1935 968 1991 Assistaient à la réunion:
