1698 2197
835 185 936 228 - 4 -
249 298 1560 362 confusion du bien et du mal, les embusqués et les voleurs récom-
250 371 1577 439 pensés, les héros oubliés; voilà la règle pour le moment. Quan-
250 435 1577 499 tité de femmes laissées seules, dans les villes, avec des alloca-
247 505 1597 563 tions inattendues, des pensions, une aisance relativement considé-
247 576 1610 637 rables, des goûts de dépenses et d'amusements satisfaits, s'étaient
250 637 1562 697 habituées à se passer de leurs maris. Et à mesure que la guerre
250 710 1610 765 se prolongeait, s'éternisait, deux ans, trois ans, quatre ans, dans
250 776 1580 831 l'attente de la mort, XXXXXXX on en avait pris son parti, même au
252 840 1580 900 front; la mort était là toute proche, imminente; à quoi bon les
250 906 1465 964 illusions ? "Ne t'en fais pas", tel est le mot profond qui
247 975 1560 1032 résumait la douloureuse résignation de nos combattants, tous les
247 1047 1542 1107 jours et à tout instant prêts au sacrifice. C'est dans ce sens
247 1105 1481 1169 que Jacques Blance cite ce mot sublime et lamentable de l'un
250 1179 1586 1241 d'eux, répondant à son chef qui le pressait d'écrire à sa famille,
250 1244 1540 1305 inquiète de rester sans nouvelles et de le savoir en péril dans
250 1310 1502 1376 les tranchées de première ligne: "Non, mon Capitaine, il vaut
247 1382 1538 1437 mieux qu'ils s'habituent à nous oublier !", tant il s'attendait
249 1448 1556 1508 à être tué, comme les camarades. Beaucoup de veuves se sont re-
243 1504 1556 1572 mariées. Le Maire du Mans est chargé de remettre aux veuves une
254 1576 1480 1644 plaque de bronze ou un diplôme avec ces mots: "Mort pour la
247 1645 1610 1708 France", au-dessous du nom du combattant qui n'est plus. La moitié
247 1711 1588 1770 de ces témoignages n'arrivent pas à leur adresse ou on les refuse.
239 1777 1437 1847 Le mort est mort, n'en parlons plus. Son souvenir même est
247 1850 448 1915 importun.
600 1911 1571 1982 Et combien plus aux profiteurs innombrables qui
