1735 2197
765 173 895 239 - 2 -
252 307 1553 380 Gouvernement, de la presse et de l'opinion. Ayant si bien réussi
249 380 1593 448 dans des circonstances si ingrates, nous sommes en droit d'attendre
250 437 1036 518 beaucoup de nos réunions dans l'avenir.
637 549 1229 615 Votre affectueusement dévoué.
278 851 1628 924 P.S.- Les journaux (Le Matin) annoncent que la Ligue des Droits de
283 917 1588 990 l'Homme de Paris ayant délégué le savant professeur Langevin pour
283 988 1643 1054 la représenter à la manifestation du // 29 Juillet: contre la guerre,
285 1050 1570 1124 - notre ami Gerlach a été obligé de lire son discours traduit en
285 1122 1571 1179 Allemand, la police ayant insisté pour que M. Langevin n'assiste
285 1190 1610 1254 pas au meeting. On craignait des manifestations. Le Dr. Langevin
289 1254 1095 1318 s'étant abstenu, la réunion a été calme.
445 1320 1623 1382 En somme les Allemands peuvent séjourner et parler à Paris.
287 1389 1610 1451 Les Français sont plus ou moins brutalement chassés d'Allemagne et
289 1444 1509 1515 nos amis ne sont pas en force pour les protéger, semble-t-il.
122 1865 1047 1929 A Monsieur le Président Nicholas Murray BUTLER
338 1904 635 1953 Berkeley Hotel
437 1940 646 1988 Piccadilly
241 2001 410 2057 ENGLAND
494 1975 644 2037 LONDON
