1737 2197
844 126 976 186 - 3 -
342 256 1617 318 tant bien que mal, sa marche normale, sans une résistance, sans
344 329 1577 380 une orientation. Il faut admirer avec quelle tranquilité et
346 389 1650 452 quelle régularité cette reprise de la vie constitutionnelle s'est
346 455 1559 523 effectuée. Tout s'est passé, comme s'il n'y avait pas eu la
344 527 1616 587 guerre. La force de l'habitude a repris ses droits. On aurait
346 591 1632 653 pu, tout de même, après une telle crise, s'inspirer des circons-
342 666 1597 721 tances, XXX simple bon sens, au moins, et, -puisqu'il fallait
527 631 591 675 du
342 723 1520 785 reconstituer de la base au sommet, toute la représentation
346 796 1616 847 nationale,- on aurait pu commencer par les fondations; recons-
344 856 1641 920 tituer d'abord les municipalités, puis les assemblées cantonales,
344 924 1616 984 puis les deux Chamvres. Mais c'était trop simple pour ceux qui
342 999 1496 1052 ne rêvent, à Paris, que plaies et bosses ou pêches en eau
344 1054 1652 1118 trouble. Et Clemenceau qui continue de ne croire qu'aux conflits
342 1129 1630 1180 et aux barricades, a préféré commencer brusquement par le renou-
340 1190 1605 1252 vellement de la Chambre des Députés. Et cela sans préparation,
340 1263 1535 1320 sous le régime d'une réforme électorale nouvelle, incompré-
340 1325 1590 1393 hensible. Les élections législatives furent ainsi, tout natu-
338 1398 1573 1450 rellement, une manifestation de mécontentement et d'ignorance
340 1464 1507 1523 exploitée, chose bizarre, par ceux-là mêmes qu'on accusait
340 1532 1616 1589 d'avoir été les partisans et d'être les profiteurs de la guerre,
342 1600 1608 1658 contre ceux qui avaient été tenté de l'éviter. Ainsi s'explique le
337 1664 1603 1720 succès de la réaction le 16 Novembre. Grand encouragement pour
337 1728 1562 1792 le parti Clémenciste, Poincariste, l'union sacrée, en un mot,
338 1797 1639 1847 faite au bénéfice de la droite contre la gauche. Ce fut le point
338 1854 1641 1926 d'appui d'une poussée formidable de tous les éléments rétrogrades
