1733 2197
912 129 1040 188 - 9 -
335 248 1516 322 meilleurs de ses éléments. Et il me semblait, en vertu du
340 329 1630 393 proverbe: "noblesse oblige", que l'aristocratie française devait
337 399 1573 455 fournir sa large part de ces meilleurs éléments. Et cela est
338 468 1591 529 vrai, quelquefois; et je suis le premier à m'en réjouir quand
338 534 1533 587 cela est; je n'ai pas d'adversaires de parti-pris, vous le
338 604 1463 655 savez; je vous en ai donné maintes fois la preuve, et,
338 675 1531 730 récemment encore, quand je vous écrivais, par exemple, pour
338 737 1571 792 recommander des requêtes très honorables et justifiées du Duc
338 809 1569 864 de Guiche, du Comte de Beaumont, etc...etc... mais cela n'est
337 875 1569 930 vrai que par exception. En général, la plupart des représen-
338 933 1628 1001 tants des vieilles familles de l'aristocratie française végètent
337 1010 1531 1067 dans l'oisiveté, au club, à la chasse, à l'église, dans les
335 1076 1624 1138 salons et dans les boudoirs; beaucoup d'entre eux ne vivent que
335 1144 1586 1204 d'expédients, sans aucun scrupule, et d'affaires; leur grande
331 1202 1546 1268 affaire, est le mariage d'argent et de préférence le mariage
331 1270 1564 1340 américain, parce que c'est le plus riche. La religion qu'ils
331 1336 1637 1404 pratiquent ostensiblement n'est, le plus souvent pour eux, qu'une
327 1411 1524 1464 affectation et un moyen de s'imposer ou de parvenir. Leurs
329 1475 1557 1536 représentants, dans l'armée et dans la diplomatie, constatent
327 1537 1542 1611 qu'après de bien des chefs, on 'est d'autant mieux noté qu'on
327 1605 1560 1671 va plus régulièrement à la messe. La messe le matin, la fête
326 1669 1579 1737 le soir, le bavardage et la médisance le reste du temps, telle
327 1742 1632 1810 est la vie d'un arriviste bien pensant.- Ainsi s'explique l'hor-
326 1808 1573 1885 reur des poilus pour les officiers de cette sorte, qui ne sont
