1731 2197
908 135 1038 194 - 27 -
344 256 1578 338 siège en permanence, tout près de la Préfecture, où a lieu le
344 344 529 395 scrutin.
705 393 1578 463 J'inscris, au fur et à mesure, pour me dis-
346 463 1080 529 traire, mes impressions. Les voici:
1036 565 1553 624 LE MANS, 11 Janvier 1920.
344 631 1192 703 au Foyer Démocratique, Bd. René Levasseur,
1146 662 1513 719 de 9 h à midi 1/2.
348 732 1635 794 à cent mètres de la Préfecture, où les votes sont répartis entre
348 800 1436 869 trois bureaux dans la grande salle du Conseil Général.
701 970 1524 1028 Vent déchaîné, la pluie, les tuiles, les
348 1039 1600 1093 ardoises, les cheminées mêmes tombent mais n'empêchent pas les
346 1098 1599 1160 délégusé d'arriver de tous les coins du Département, par leurs
346 1168 1520 1228 trains spéciaux. Les uns par chemins de fer, d'autres par
349 1235 1608 1296 le tramway, tous s'amènent, en petits groupes lents et sérieux.
348 1309 1597 1365 En me voyant, la plupart sourient et s'arrêtent. Les mains se
346 1369 1595 1426 tendent vers moi. Les malins disent :"Mauvais temps, M. d'Es-
346 1433 1600 1497 tour/nelles, mais le vent souffle pour nous". Et l'impression
349 1512 1633 1558 de confiance que j'ai recueillie partout, ces derniers jours, se
346 1574 1633 1622 confirme; avec un sentiment général de mécontentement contre la
344 1636 1556 1699 pression officielle et les intrigues qui travaillent de tous
348 1708 1646 1757 côtés contre moi. On voit la trace de ces intrigues sur les murs
348 1775 1632 1827 couverts des affiches des deux sénateurs sortants, M.M. Lebert et
348 1834 1518 1896 Cordelet, faisant liste commune avec l'inconnu M. Brion, à
351 1905 1547 1964 l'exclusion de M. d'Estournelles de Constant, connu de tous,
