1698 2197
756 159 846 227 -2-
181 291 1507 353 M. Hugh C. Wallace de leur succéder dans des circonstances si ex-
183 360 1472 422 ceptionnelles, après cette guerre, à la veille de vos élections
181 435 1505 501 présidentielles. Il y a réussi par sa droiture, sa valeur morale,
179 507 741 562 son inlassable bon vouloir.
397 574 1549 633 Sa femme l'a secondé, et je n'ai pas oublié son fils qui
177 637 1388 695 a servi son pays et le nôtre et qui sert encore à Coblentz.
397 704 1494 768 Mes paroles ont fait plaisir à l'auditoire. Elles ont
177 779 1494 831 été reproduites tout-à-fait inexactement dans le New-York Herald
179 844 1511 900 que voici par un reporter paresseux, comme d'habitude, et qui s'est
179 904 1494 966 borné à leur substituer ce qu'il avait dans sa tête de banalités
177 972 723 1038 heureusement inoffensives.
397 1043 1551 1107 J'ai tenu d'autant plus à exprimer mes sentiments que si
181 1111 1534 1173 je suis resté à l'écart pendant le séjour de M. Hugh C. Wallace en
179 1180 1569 1239 France je n'ai pas été indifférent. Mon amitié pour son prédécesseur
179 1252 1566 1312 et son successeur Herrick ne devait pas m'empêcher d'être équitable.
397 1506 1544 1574 Avant de présider à la réception de M. Wallace, j'ai pu,
175 1578 1553 1644 sur l'insistance de mon ancien collègue et ami de la Haye, le Comte
181 1651 1534 1704 Prozor et de sa fille, aller entendre le 4me acte de la répétition
181 1720 1478 1785 générale de la célèbre pièce d'Ibsen, "Un ennemi du Peuple", au
181 1786 542 1839 Théâtre Français.
401 1850 1494 1909 Supérieurement interprété par l'acteur de Féraudy, cet
179 1926 1507 1973 acte a produit un effet énorme sur l'auditoire très nombreux. Les
181 1991 1491 2056 dirigeants, brillamment représentés semblaient ravis de recevoir
