1739 2197
877 117 980 172 - 2 -
318 261 1572 322 pour vous et pour moi, mes impressions sommaires de ces quatre
320 325 1552 382 campagnes électorales successives qui viennent de se clore et
322 402 1561 465 dont l'épilogue sera l'élection du Président de la République,
322 465 875 523 Samedi prochain 17 Janvier.
648 681 1262 763 LES ÉLECTIONS LÉGLISLATIVES .
712 827 1502 886 Tout a été plus ou moins faussé, dès le
317 889 1603 961 début de ces campagnes, par la précipitation, l'imprévu, l'inco-
315 957 1550 1021 hérence, d'ailleurs inévitables, d'un retour sans sincérité à
311 1023 1575 1091 l'état de choses normal d'avant guerre. Cinq années de guerre,
311 1100 1603 1164 dans un pays dont six ou sept générations au moins des électeurs
313 1160 1619 1235 les plus jeunes et les plus ardents ont disparu, et dont le reste
311 1235 1542 1299 a souffert ou se plaint, ont nécessairement troublé les popula-
309 1299 1533 1367 tions jusqu'au fond de l'âme. Et cependant, on était si las,
311 1367 1557 1435 si dégoûté de cette guerre et si déçu, au fond, d'une victoire
307 1431 1555 1501 dont on nous avait promis des miracles, qu'on ne demandait, en
307 1493 1539 1565 général, qu'à reprendre le train train de la vie, à entrer en
306 1567 1552 1636 convalescence, avec le minimum possible d'émotions, d'épreuves
304 1634 1511 1697 nouvelles et de risques; et les électeurs l'ont bien montré.
300 1691 1531 1768 Avec une complaisance, une docilité même inquiétante, le pays
300 1757 1588 1838 dont on prétendait qu'il allait se révolter, s'est abandonné aux
300 1832 1530 1902 volontés du Gouvernement; comme auparavant à celles du Haut-
300 1894 1607 1973 Commandement; il a laissé la machine constitutionnelle reprendre
