1729 2197
857 124 1009 186 - 39 -
342 245 1595 311 Ministère Clemenceau, on a tout fait pour/ajourner aux calendes
340 322 1593 380 grecques le procès, et en laisser l'embarras à autrui;- main-
340 389 1631 443 tenant, on aspire à ne pas le juger, à l'éluder. On parle de je
340 454 1615 510 ne sais quelle amnistie. J'espère bien que Caillaux conservera
338 521 1611 580 jusqu'au bout toute son énergie et refusera tout ce qui ne sera
338 582 1646 655 pas la justice,- la justice éclatante et entière. De l'indulgence
337 649 1544 721 pour les crimes dont il a été accusé, il ne peut l'admettre.
787 725 1608 790 Mais, d'autre part, si on ne trouve rien
333 789 1531 849 de vraiment grave, ce que naturellement j'ignore encore, on
335 851 1650 926 relèvera d'autant plus contre lui, comme on l'a fait contre Malvy,
331 915 1622 995 des impressions, des concessions, des compromissions, la plupart
333 988 1602 1060 inévitables pour un chef de Gouvernement dans des circonstances
329 1052 1545 1120 telles que celles qui ont précédé la guerre; et cela pourra
327 1122 1558 1191 suffire à une assemblée impressionnable pour lui infliger une
326 1186 1576 1255 peine plus ou moins sévère, plutôt peu sévère, le banissement
327 1250 818 1309 temporaire, par exemple.
796 1323 1555 1393 Quoi qu'il en soit, il serait fâcheux
322 1384 1613 1455 qu'un tel procès ne fût pas jugé, après avoir tenu en suspens la
320 1446 1571 1526 conscience de tout le pays. Juge, je ne puis savoir et encore
316 1510 1531 1592 moins dire, ce qui adviendra. Mais je sais bien que je suis
315 1576 1565 1656 d'accord avec tous les électeurs de M. Caillaux dans la Sarthe
315 1651 1606 1720 pour souhaiter qu'il sorte de cette longue épreuve à son honneur
316 1717 1564 1796 et à l'honneur de notre pays. Qu'il ne se laisse pas enterrer
311 1777 1104 1854 vivant sous la clémence d'une amnistie.
311 1909 1503 1991 leurs, qu'un détail dans le grand procès du lendemain de la
785 1854 1620 1924 Cette affaire Caillaux n'est plus, d'ail-
