1735 2197
824 144 983 194 - 11 -
439 238 1617 298 Jamais je n'avais mieux surpris le néant de ces prétentions
283 302 1527 369 de l'Union Interparlementaire, soulignée par l'incommensurable
283 366 778 428 épaisseur de ce Suédois.
437 428 1548 499 J'espère que Rist et Lichtenberger se mettront d'accord
282 505 1582 563 pour aboutir tous les deux dans l'Europe Centrale: c'est € ques-
283 560 1405 631 tion €quelle je vais penser au bord du Loir, cet été.
439 860 1603 920 La première séance de la Dotation a été suivie d'un déjeu-
282 924 1625 994 ner cordial au Cercle de la Renaissance, auquel assistaient Gerlach
283 992 1586 1049 et Foerster. J'ai tenu à les faire entrer, peu à peu, en contact
285 1060 1626 1124 avec l'élite de nos professeurs, et j'ai constaté que leur présence
289 1125 1647 1182 à Paris, malgré le venin toujours prêt de nos journaux nationalistes
285 1186 1641 1254 et du Bloc National, n'a soulevé ni incidents, ni commentaires désa-
287 1257 1582 1325 gréables, en ce moment où, comme le disait La Fontaine, il n'est ,
289 1329 1606 1391 pour ainsi dire, pas permis de parler de conciliation et de détente
293 1400 1621 1461 internationales dans les cercles officiels, à Paris ou à Bruxelles.
441 1614 1647 1678 La seconde séance de la Dotation a été remarquable; j'aurais
291 1684 1647 1741 voulu que, malgré mes €€ précautions, une assistance nombreuse et
289 1748 1661 1803 d'élite y eût assisté, et aussi à l'Assemblée Générale de la Concilia-
288 1814 1211 1878 tion. Mais c'eût été prématuré et inopportun.
447 1876 1568 1938 Gerlach a commencé par quelques lourdeurs, bien relevées
291 1953 1586 2006 par Mgr. Deploige, mais il s'est haussé très vite au niveau de sa
