1736 2197
791 133 948 190 - 15 -
443 221 1594 283 La Dotation doit donc prendre des précautions pour ne pas
291 280 1594 347 être accusée, dans tous les pays, d'ingérences antinationales; je
291 347 1596 419 l'ai dit et répété à satiété. Là est la très-sérieuse difficulté
291 417 1633 487 de notre tâche. Nous ne sommes pas le Gouvernement: nous ne sommes
292 477 1596 554 pas contre lui de parti pris, mais nous ne pouvons, sauf en temps
292 549 1635 609 de guerre, être à son service. Notre indépendance est la condition
294 613 1635 682 difficile de notre existence. Il est presque impossible d'être in-
292 695 1653 754 dépendant vis à vis d'un gouvernement sans € subversif ou suspect.
450 741 1538 807 Finalement, le Baron d'Adelsward a été obligé de tenir
296 814 1637 884 compte de la réalité, en se ralliant à une motion que tout le monde
294 875 944 952 a pu accepter, comme vous savez.
450 942 1594 1008 Après le déjeuner, également au Cercle de la Renaissance,
294 1016 1558 1074 Lundi, nous avons commencé par procéder au remplacement de M.M.
298 1080 1598 1144 Houzeau de Lehaie, Solvay et Weardale, par M.M. Foerster, Nippold
296 1144 1302 1202 et Myiaoka. Nous les aviserons de cette élection.
450 1213 1543 1268 Nous avons nommé également, sur votre proposition et à
298 1272 1582 1340 l'unanimité, le Président de La Bara du Mexique et le Professeur
300 1340 1556 1400 Cosme de la Torriente, de Cuba. Nous avons complété, en outre,
300 1406 1600 1475 notre Comité Exécutif trop peu nombreux, en adjoignant à ses mem-
300 1473 1421 1539 bres M.M. Treub, Collins, Gerlach, Mensdorff et Giretti.
300 1572 1604 1640 RAPPORT de M. PRUDHOMMEAUX. - Après quoi, M. Prudhommeaux a donné
300 1634 1629 1697 lecture de son intéressant rapport, en préparation depuis deux ans,
303 1704 1563 1764 sur les livres scolaires. J'ai félicité notre collaborateur de
303 1774 1655 1823 son travail, tout en lui recommandant de ne pas le laisser dégénérer
303 1839 1622 1898 en réquisitoire qui fasse pleuvoir sur nous et sur la Dotation des
300 1902 1611 1968 orages de protestations. C'est une sérieuse question de mesure et
303 1964 485 2028 de tact.
