1735 2197
804 97 300 82 LETTRE N° 678.

1086 228 456 81 PARIS, 3 Juin 1920.

192 305 214 70 SENAT

586 465 791 80 ON NE PARLE PLUS DE L'AFFAIRE CAILLAUX

802 554 273 68 et cependant

624 620 658 75 CAVALLINI VIENT D'ETRE ACQUITTÉ.

925 781 337 53 Mon cher Butler,

720 898 894 74 L'affaire Caillaux appartient déjà au passé,

304 970 1198 68 comme l'assassinat de Jaurès. Son dénouement n'a satisfait

307 1052 1237 57 personne; on n'en parle plus. A l'exception des énergumènes

304 1118 1255 55 de l'ACTION FRANCAISE, qui entretiennent tous les scandales et

304 1191 1273 48 cherchent à les perpétuer, on n'en parle plus. Les accusateurs

300 1254 1293 55 de M. Caillaux surtout se gardent bien de relever ce fait que le

304 1309 1271 65 procès du fameux Cavallini vient d'être abandonné à Rome par le

294 1380 369 60 Ministère Public.

720 1444 857 60 Et alors? La culpabilité de Cavallini que

302 1517 1255 61 Caillaux a eu le tort ou le malheur de rencontrer à Rome, dans

302 1587 1236 58 le silence de notre ambassade spectatrice, était le principal

302 1655 1323 49 argument de l'accusation contre notre ancien Président du Conseil.

300 1720 1284 59 On nous affirmait que Cavallini, déjà condamné à mort en France,

300 1779 1332 66 par contumace il est vrai,- allait être condamné aussi en Italie;

300 1850 1215 68 et voilà qu'il est acquitté ! Et même plus, on renonce à le

298 1904 143 67 juger.

93 2008 962 75 à Monsieur le Président Nicholas Murray BUTLER.
