1698 2197
639 227 302 60 LETTRE N° 844.

205 373 199 51 SÉNAT

919 380 487 81 PARIS, le 18 Juin 1921.

617 525 412 70 LA VIE CONTINUE.-

457 589 733 86 LE DEUIL IMPORTUN ET CONTRE NATURE.

522 833 346 56 Mon cher Butler,

203 1003 1302 53 un monument aux morts de la gu/erre. Je ne sais comment dire les

419 953 1108 66 Je viens d'inaugurer dans la Sarthe, une fois de plus,

203 1036 1284 60 sentiments complexes que j'ai éprouvés, mais ils sont profonds.

203 1140 1289 50 moins, il ne dure pas. Le crépuscule et la nuit suivent le jour

421 1089 1132 68 Le deuil, heureusement, n'est pas dans la nature ou, du

205 1175 1328 49 mais pour précéder le soleil levant; l'hiver ensevelit l'été mais

206 1208 1306 51 pour préparer le printemps. Et pourtant, j'ai cru, tout le monde

212 1243 1339 49 a cru, quand la guerre est venue faucher tant de jeunes existences

210 1277 1321 50 humaines, que toutes ces morts laisseraient les survivants incon-

208 1309 1361 51 solables. Non. La vie continue. C'est ce qui doit être. Mais jamais

208 1343 1363 57 je n'aurais pensé qu'il en pourrait être ainsi et si vite. La plaie

208 1382 1345 47 se referme. On devrait s'en réjouir, mais non, c'est plus fort que

210 1417 1304 45 moi. Et cependant, comme Français, toute ma correspondance n'est

210 1450 1361 47 qu'un hommage à la haute tenue morale de mon pays, à son dévouement

212 1484 1319 52 infini pendant la guerre, au dévouement surtout de la femme fran-

210 1514 1365 51 çaise, mais la France ne peut être différente des autres pays: elle

214 1552 1320 49 oublie; il faut qu'elle oublie, elle aussi. Elle se console de la

210 1587 1323 46 guerre et c'est ce que j'admire et ce qui me révolte car c'est ce

216 1620 1375 51 qui explique pourquoi la guerre est toujours à recommencer. Et c'est

210 1658 795 48 ce que je suis bien forcé de constater.

212 1753 1339 54 lables, mais, dans l'ensemble, on ne s'en aperçoit plus. Je décou-

428 1709 1143 61 Certes, je vois des mères, des veuves, des/pères inconso-

210 1788 1365 53 vre tous les jours un contraste vraiment choquant entre la

216 1827 1238 45 gravité qu'on attend des manifestations conventionnelles

216 1860 1218 60 d'hommage aux morts pour la patrie et la résignation

208 1980 850 79 à M. le Président Nicholas Murray BUTLER.
