1737 2197
844 126 132 60 - 3 -

342 256 1275 62 tant bien que mal, sa marche normale, sans une résistance, sans

344 329 1233 51 une orientation. Il faut admirer avec quelle tranquillité et

346 389 1304 63 quelle régularité cette reprise de la vie constitutionnelle s'est

346 455 1213 68 effectuée. Tout s'est passé, comme s'il n'y avait pas eu la

344 527 1272 60 guerre. La force de l'habitude a repris ses droits. On aurait

346 591 1286 62 pu, tout de même, après une telle crise, s'inspirer des circons-

342 666 1255 55 tances, XXX simple bon sens, au moins, et, -puisqu'il fallait

527 631 64 44 du

342 723 1178 62 reconstituer de la base au sommet, toute la représentation

346 796 1270 51 nationale,- on aurait pu commencer par les fondations; recons-

344 856 1297 64 tituer d'abord les municipalités, puis les assemblées cantonales,

344 924 1272 60 puis les deux Chamvres. Mais c'était trop simple pour ceux qui

342 999 1154 53 ne rêvent, à Paris, que plaies et bosses ou pêches en eau

344 1054 1308 64 trouble. Et Clemenceau qui continue de ne croire qu'aux conflits

342 1129 1288 51 et aux barricades, a préféré commencer brusquement par le renou-

340 1190 1265 62 vellement de la Chambre des Députés. Et cela sans préparation,

340 1263 1195 57 sous le régime d'une réforme électorale nouvelle, incompré-

340 1325 1250 68 hensible. Les élections législatives furent ainsi, tout natu-

338 1398 1235 52 rellement, une manifestation de mécontentement et d'ignorance

340 1464 1167 59 exploitée, chose bizarre, par ceux-là mêmes qu'on accusait

340 1532 1276 57 d'avoir été les partisans et d'être les profiteurs de la guerre,

342 1600 1266 58 contre ceux qui avaient tenté de l'éviter. Ainsi s'explique le

337 1664 1266 56 succès de la réaction le 16 Novembre. Grand encouragement pour

337 1728 1225 64 le parti Clémenciste, Poincariste, l'union sacrée, en un mot,

338 1797 1301 50 faite au bénéfice de la droite contre la gauche. Ce fut le point

338 1854 1303 72 d'appui d'une poussée formidable de tous les éléments rétrogrades
