1374 2197
646 89 125 50 - 17 -

241 192 1024 60 distribuée par avance à tous les délégués, (un peu moins de 900)

241 248 975 55 aussitôt élus. Cette circulaire, très lue, a fait bon effet.

241 303 698 57 On a commencé à s'éveiller, à se ressaisir.

551 357 698 45 Ensuite, j'ai répondu à la lettre Cordelet-

243 410 955 49 Lebert m'accusant de partialité pour M. Caillaux, alors que,

241 466 1002 57 chacun le sait, j'ai réclamé sa condamnation s'il est coupable,

241 519 1004 44 sa libération s'il est innocent, mais, pour cela, son jugement.

567 569 684 57 Et là encore, ma réponse, si manifestement

245 626 533 45 d'accord avec la vérité, a porté.

571 670 683 51 Restait cependant l'essentiel et c'est ici

243 732 1022 46 que commence la partie pittoresque, je dirais presque épique, de

241 779 936 52 ma campagne, celle qui a fait ma consolation de toutes ces

245 833 784 51 turpitudes, mon bonheur et finalement mon succès.

569 887 649 46 Que n'ai-je pu faire cette campagne plus

245 941 975 45 tôt ! La timidité de nos républicains défaillants m'en a em-

238 995 1027 50 pêché. Ils m'avaient condamné d'avance, parce que j'étais atta-

243 1049 978 44 qué; ils ne souhaitaient, au fond, que ma retraite, si je les

243 1100 949 44 avais écoutés! Et puis, je n'avais pas de titre pour venir

241 1149 1023 52 parler en public avant l'ouverture de ma propre campagne sénato-

243 1208 977 46 riale. Et cependant, j'en sentais si bien le besoin que j'ai

241 1250 1039 53 fait tout le tour du département, comme vous savez, du 28 Septem-

243 1310 1022 53 bre aux premiers jours d'Octobre. Ce fut alors le prélude de ce

245 1365 566 44 que je viens de faire ces jours-ci.

582 1415 584 47 J'ai pris un à un les 33 cantons du

164 1572 1131 44 (I )    Ma réponse aurait porté davantage si j'avais dit: "Moi qui ne

272 1600 999 36 dois rien à M. Caillaux,-tout le monde le sait et le reconnaît,-

269 1623 1017 43 je suis excommunié par qui ? Par ses principaux obligés! par ses

274 1649 1010 39 débiteurs..... par ceux-là mêmes qui devraient, au moins, garder

267 1675 1042 42 le silence, par M. Cordelet et par son neveu M. Lebert, le premier

254 1699 1041 47 qui doit à M. Caillaux la carrière de son fils et le second qui a

269 1722 401 42 mendié l'argent de Bolo !

263 1775 980 46 et contradictoire. Or, ces Messieurs m'ont fuit, naturellement

474 1748 799 48 Mais je ne pouvais dire cela qu'en réunion publique

265 1803 1017 46 comme les oiseaux de nuit fuient le jour. Il m'aurait donc fallu

265 1827 969 47 l'écrire. Répondre à l'excommunication injustifiée et risible

261 1854 1006 48 par la dénonciation infâmante. Cette dénonciation venant de moi

263 1882 968 47 eût grandement troublé les populations. Un débat épistolaire,

267 1905 960 44 sans suite, se fût institué. Cela m'a répugné. J'ai préféré

267 1933 993 49 être généreux. C'était plus simple. Les électeurs m'en ont su

261 1960 942 48 gré. J'ai conservé à leurs yeux le beau rôle et ce sont eux

263 1988 980 47 qui se sont chargés de me défendre.- Le moment de l'exécution

261 2010 942 58 n'est d'ailleurs que différé. Il viendra. Je suis patient.

260 2037 194 48 J'attendrai.
