1698 2197
741 170 299 64 LETTRE N° 722.

102 267 235 72 SÉNAT

1000 342 509 53 PARIS, 18 Novembre 1920.

549 576 794 54 MISS MARGARET C. ALEXANDER à PARIS.

892 773 351 57 Mon cher Butler,

714 906 855 57 Miss Margaret C. Alexander est de nouveau

313 966 1199 64 à Paris, en route pour l'Albanie où elle va représenter la

311 1039 1106 70 Croix-Rouge américaine. Je l'ai, vous le pensez bien,

315 1105 1172 57 saturée de conseils. L'Albanie n'a pas dû changer depuis

313 1171 1212 64 ma jeunesse et il faut un certain courage à une jeune femme

311 1233 1233 63 pour y aller vivre, en ce moment et en cette saison. Je lui

313 1301 1192 66 recommande de s'entourer de protection et de ne pas y être

315 1363 161 76 isolée.

710 1433 832 71 Miss Alexander est descendue rue Pierre-

313 1501 1203 66 Curie, où nous l'accueillons comme un membre de la famille.

315 1565 1170 58 Nous sommes heureux de voir notre petit bureau devenir le

311 1644 1189 53 foyer modeste, mais toujours ouvert, de votre personnel et

313 1697 1161 71 du nôtre, tous deux de plus en plus en parfaite harmonie.

313 1772 1090 62 Il ne nous manque plus que l'arrivée de Haskell et de

113 1999 960 68 à Monsieur le Président Nicholas Murray BUTLER.
