1730 2197
714 128 319 69 LETTRE N° 948.

197 201 240 82 SÉNAT

936 247 484 78 PARIS, 20 Décembre 1921

436 382 989 84 LE DÉSARMEMENT MORAL de l'ALLEMAGNE.- GERLACH et

439 454 981 89 FOERSTER.- RÉPONSE à VOTRE LETTRE du 8 DÉCEMBRE.

885 668 339 51 Mon cher Butler,

584 779 1025 83 Cette question du désarmement moral de l'Allemagne

340 862 1305 62 tend à passer au premier plan de nos préoccupations. Je vous en

344 920 1204 81 ai dit un mot hier; et en effet j'en ai parlé, tant avec mes

348 986 1272 81 compatriotes, notamment avec le Professeur Henri Lichtenberger,

348 1060 1259 73 et avec mes collègues du Comité Central de la Ligue des Droits

350 1125 1218 70 de l'Homme, qu'avec ce personnage allemand si impressionnant

350 1197 639 71 qui s'appelle le Comte Kessler.

580 1250 1067 81 A ce propos, le Comte Kessler m'a appris que sa soeur

350 1320 1240 71 avait épousé l'un des représentants de notre aristocratie, le

350 1389 1205 68 Marquis de Brion, duc de Frioul, lequel habite près de chez

350 1459 1222 66 nous, à Auteuil, et possède des propriétés dans la Lozère. Je

351 1528 1219 64 serai donc facilement renseigné sur lui par mes collègues au

355 1590 817 72 Parlement, Chambrun, Lascazes notamment.

591 1660 959 68 Mais en attendant, j'ai écouté, sans m'engager,

355 1717 1277 77 avec un très grand intérêt, son exposé de la situation du parti

357 1786 1290 79 démocratique en Allemagne. Ce que demande ce parti c'est d'être

175 1922 875 88 à Monsieur le Président Nicholas M. BUTLER
