1743 2197
690 115 327 75 LETTRE N° 1.367

199 217 229 79 SÉNAT

974 238 400 71 Créans, 3 Août 1923

571 375 536 79 NOTRE ACTION EN ALLEMAGNE.

853 562 337 73 Mon cher Butler,

457 701 1170 66 Nous n'au/ons pas tardé à voir s'exercer nettement en Alle-

296 779 1293 52 magne l'action que nous encourageons et dont notre Conseil vient

296 840 1254 55 d'approuver, à l'unanimité, le principe et les moyens. Tandis

302 908 1325 56 que le petit nombre des journaux allemands qui ne sont pas achetés

300 977 1302 57 par le parti pangermaniste mène sa propagande encore trop modeste,

300 1036 1358 67 à notre gré, nos amis, Gerlach en tête, ont organisé, vous le savez,

300 1098 1307 75 à Berlin, le 29 Juillet, une manifestation pour la paix contre la

305 1173 1267 59 guerre. Je vous envoie le texte de l'appel que Gerlach a lancé

303 1233 1240 68 et dont il me communique une affiche. En voici la traduction:

461 1340 1141 51 "Voici pour la neuvième fois, l'anniversaire de la décla-

659 1298 487 64 "Envers et contre tout."

364 1369 1034 57 "ration de guerre, et la paix n'est toujours pas là.

364 1440 802 46 "terreur, de lamentations et de misères?

465 1407 1120 57 Est-ce qu'une dixième année sera remplie, elle aussi, de

470 1484 1077 35 "Non, non et non! Parmi toutes les nations, une foule

373 1520 1151 32 "d'hommes prêts à la paix poussent le même cri et désirent

373 1536 1269 62 "anxieusement la paix du monde et la délivrance de la domination

369 1569 575 53 "militariste et impérialiste.

373 1634 1201 55 "de la paix, à se joindre à nous, Dimanche 29 Juillet à 10 h.

490 1601 1154 57 Nous invitons tous les Berlinois, de tous les partis, amis

375 1667 1258 53 "du matin au cimetière de la garnison Hasenheide, afin de témoi-

373 1700 1249 53 "gner par une manifestation de grande envergure, notre désir de

369 1735 1265 57 voir s'organiser la paix et notre répudiation de tous les agita-

375 1772 1225 64 "teurs, qu'ils poussent à la guerre des peuples ou à la guerre

375 1801 177 60 "sociale.

465 1867 895 55 "Vingt orateurs de tous les partis de gauche.

466 1900 597 62 "Orateurs français et anglais.

164 1960 476 63 à Monsieur le Président

303 2006 458 51 Nicholas Murray BUTLER
