4533 6603
831 1276 2385 270 THE BURGENLAND JEWS

1806 1496 446 138 on the

1470 1689 1102 176 DANUBE TUG - BOAT

1343 2189 1328 171 An Eye Witness Report

688 2503 3382 248 On April 16, 1938, the Jewish inhabitants of Kittsee and

407 2641 3823 214 Pama, Burgenland, AUSTRIA, were ejected from their homes, robbed

402 2756 3855 215 of what money and identity papers they had and, during the night,

402 2861 3844 198 marooned on some small island in the Czech section of the Danube.

407 2954 3850 187 On April 17, they were found by the Czech frontier guard and tak-

402 3053 3855 182 en to Bratislava. That very same day they were expelled from Cze-

407 3147 3966 193 cho-Slovakia and once again taken to the German border. On a narrow

402 3235 3850 193 streak, “No-man’s-land”, somewhere between the borders of Czecho-

402 3329 3828 225 Slovakia, Hungaria and Austria, they spent three days and nights,

391 3439 3756 187 in the bitter cold, half starved, and without a roof over their

402 3532 3844 193 heads, between the fixed bayonets of the sentries of all 3 count-

396 3626 3944 214 ries which they were not allowed to enter. Some of them, 17 in all,

385 3730 3977 193 managed to get back to Kittsee, where the old men and children were

391 3829 3905 198 locked up in a cellar, and the grown ups, men and women, were made

402 3917 3717 198 to do hard scrubbing work. Exhausted from 3 days' straying, the

385 4005 3740 209 poor people’s strength threatened to fail, but ruthless beating

391 4115 3750 209 put them to work again. During the night, after a 30 miles walk,

391 4203 2544 182 they were taken back to the Czech frontier.

671 4457 3663 181 At long last the Jews of Bratislava found a temporary way-out.

374 4539 3800 193 They hired a tug-boat, which landed on the Hungarian side of the

374 4633 3850 203 Danube, near Royka, and received the people, 68 altogether, agri-

380 4732 3778 192 cultural workers and merchants, infants and 80 years old men. No

380 4825 3954 193 country along the Danube being prepared to grant the refugees leave

374 4930 3828 187 on land, the Hungarian authorities extend the permit from week to

374 5018 3949 198 week, hoping that the Jewish organisations will secure their emigr-

374 5117 3828 198 ation overseas. It is now three months that these people, smitten

380 5199 3806 215 with despair, refused by every country, and even grudged the stay

369 5304 3767 226 aboard the ship – it is now three months that they are thus kept

369 5403 1867 209 in the vague hope of salvation.
