827 1001
398 68 58 31 - 3 -

156 131 519 28 Quant à l’alimentation, les hommes recevaient un pain de 900

113 155 620 22 grammes, soit 225 grammes par hommes, chaque jour. A midi et le soir,

115 172 621 20 de la soupe chaude. Le matin un liquide noirâtre appelé café, avec un

114 187 578 21 peu de saccharine. Le soir chacun s’endormait de fatigue. Toute

113 202 552 24 conversation était interdite. Il n’y avait aucune possibilité

114 219 82 21 d’écrire.

156 246 547 24 Notre informateur travailla comme tousles autres très durement

113 266 633 22 pendant une semaine. Ensuite, un des conducteurs d’auto allemand ayant

114 284 595 19 disparu, l’un des officiers surveillants demanda si quelqu’un savait

114 298 639 22 conduire. Ayant travaillé danslesusines Ford à Bruxelles, notre réfugié

114 316 592 21 fut choisi et conduisit désormaisla voiture de cet officer, l’accom-

113 332 597 22 pagnant dans toutes ses tournées. Un contact sympathique s’établit

113 347 589 24 entre eux et l’officer s’exprima librement devant lui. C’était un

114 364 630 19 jeune officier allemand d’environ 25ans. D'origine bavaroise, il avait

115 381 594 18 déjà gagné trois étoiles; il avait perdu deux frères à la guerre et

113 393 568 22 laissait derrière lui une jeune femme et un petit enfant. Il se

113 412 622 23 déclarait complètement dégoûté par la guerre et tout ce qui s’y rappor-

113 427 552 20 tait. Il était d’avis quela guerre était perdue et ne pouvait

113 444 545 22 supporter l’idée de tout ce qu’on avait fait et faisait encore

113 460 143 22 subir aux Juifs.

154 487 582 24 C'est de cet officier que notre réfugié eut des renseignements qui

113 508 571 20 suivent. Ayant demandé ce qu’il était advenu du groupe de Juifs

113 523 618 22 arrivé avec le sien et qui s’étaient déclarés incapables de travailler,

114 540 559 18 l’officer répondit qu’ils avaient tous été exécutés et il ajouta

113 555 561 19 que c’était le sort de tous ceux qui, épuisés, ne pouvaient plus

113 571 606 22 travailler. L'officier était malheureux de cet état de choses, mais

114 587 580 19 ne pouvait rien pour l’empêcher. Notre réfugié le pria de ne pas

115 604 585 19 harceler constamment les Juifs au travail, mais l’officier expliqua

115 618 594 22 qu’il y était contraint, parce qu’on exigeait de lui qu’une quantité

114 638 428 21 déterminée de travail soit accomplie chaque jour.

156 666 533 22 Comme moyens d’exterminer les Juifs incapables de travailler,

112 679 623 24 l’officier indiqua qu’ils étaient collés au mur et fusillés ou, lorsque

112 700 600 23 ce moyen ne pouvait être employé, qu’on empoisonnait leur nourriture.

155 728 585 22 Notre homme vécut pendant une quinzaine de jours avec cet officier,

113 747 566 22 dont la conduite fut celle d’un gentleman. Au bout de ce temps,

113 761 629 21 l’officier lui annonça qu’une chance très rare se présentait pour lui de

113 778 613 21 fuite. Tous les deux ou trois mois, un train partait vers l’ouest et

115 794 627 22 le lendemain était précisément jour de départ . L'officier insista pour

114 812 627 20 qu’il saisisse une occasion que ne se représenterait plus. Il l’intro-

115 827 625 23 duisit lui-même dans un wagon de marchandises plein de colis et de sacs,

115 842 644 23 il lui donna d’amples provisions (pain, conserves, etc.) pour le voyage et

114 858 636 22 2 Reichsmarks (monnaie d’occupation). Il lui dit d’être sans crainte au

114 875 618 20 sujet de son uniforme et que ces uniformes Todt étaient portés danstous

115 890 610 20 les territoires occupés. Après avoir vérifié que le wagon fût dûment

115 907 601 23 scellé, il le recommanda à l’un des employés du train, et c’est ainsi
