2119 3164
329 986 1557 87 Inasprimento delle misure contro gli ebrei nel Protettorato

332 1046 549 64 di Boemia e Moravia.

704 1233 1214 90 In seguito a decisione del Rappresentante del

253 1318 1765 79 Reichsprotektor, sono state prese e rese note dal Comandante della

258 1394 1736 77 Polizia di Sicurezza con lettera inviata al Ministro dell'Interno

253 1476 1747 71 del Protettorato, ulteriori importanti misure contro gli ebrei ed

255 1547 586 74 i loro simpatizzanti.

701 1618 1336 74 Il contegno degli ebrei a Praga ed in altri centri

255 1708 1695 63 della Boemia e Moravia fu giudicato provocatorio subito dopo la

255 1771 1766 95 istituzione del distintivo della stella gialla, prima e dopo i re-

258 1853 1050 79 centi sviluppi della situazione locale.

699 1935 1348 82 Effettivamente essi ostentarono il loro distintivo

253 2001 1720 100 e circolarono molto numerosi per le strade, dando, come già ebbi

253 2085 1776 84 a riferire, la sensazione di sentirsi rispettivamente solidali con

250 2164 604 85 la popolazione locale.

694 2246 1340 92 La lettera del Comandante la Polizia di Sicurezza

245 2322 1789 85 al Ministero dell'Interno non è stata integralmente pubblicata, ma

245 2399 1602 105 fra le misure adottate le principali sarebbero le seguenti:

340 2483 1641 95 1° - chiusura di tutte le sinagoche e degli oratori ebraici;

340 2570 1570 98 2° - obbligo di portare la stella gialla anche per alcune

467 2652 1628 98 categorie di eberei che nel Reich non sono tenute a portarle

327 2736 1702 101 3° - minaccia di allontanare dalle città tutti gli ebrei, per
