1731 2197
827 106 981 157 - 11 -
338 223 1529 296 fausses citations qu'il n'a eu le courage ni d'avouer ni de
337 302 1589 367 désavouer; ce libelle, que je vous ai déjà envoyé mais que je
338 366 1511 430 tiens à conserver, (le voici,) est intitulé: "Les Erreurs de
338 430 1608 505 M. d'Estournelles"; il a été colporté à domicile chez tous les
340 497 1588 569 électeurs sans une exception, soit par la poste, soit dans les
344 573 1626 638 automobiles de mes adversaires, par le Sous-Préfet en personne !
617 761 1608 831 Et on vient me dire que mes fidèles électeurs ont
338 842 1549 897 eu l'ingratitude de m'abandonner! Quelle erreur ! Ils sont
338 900 1188 961 à plaindre. On les a trompés, voilà tout.
615 966 1633 1036 Il leur avait fallu grand courage pour s'émanciper,
338 1034 1626 1096 il y a/quinze ans, de la dépendance du Château et me donner leurs
338 1103 1593 1164 voix. Mais ils avaient alors bien nettement le choix entre le
340 1168 1569 1226 passé et l'avenir, entre l'ancien régime et le nouveau, entre
340 1239 780 1303 la guerre et la paix.
613 1298 1503 1358 Et voilà qu'aujourd'hui ils sortent à peine,
342 1371 1604 1428 éprouvés à quel point ! de cinq années de cette guerre, n'ayant
338 1435 1527 1501 plus la foi, ni même la force de croire ni rien, et ce n'est
340 1504 1527 1561 plus seulement le Château qui les pousse au doute, c'est le
338 1567 1606 1634 Gouvernement lui-même qui leur amène le représentant du Château
338 1640 1448 1697 contre moi, et avec quelles paroles! Quelles menaces !
337 1764 1584 1834 même voter pour moi, le Sous-Préfet affirme dans des concilia-
591 1702 1551 1764 A mes pauvres amis, interdits, qui veulent quand
338 1839 1586 1894 bules secrets, que je suis coupable !!!! que j'ai vu la guerre
338 1904 1586 1958 arriver, que j'ai laissé surprendre mon pays, et, -bien plus,-
342 1968 1500 2041 que je l'ai trahi, comme Caillaux, et que si, par malheur,
