1731 2197
866 131 1020 186 - 13 -
316 223 1584 285 à la République. Et alors tous les réactionnaires s'intitulent
318 302 1586 353 républicains. Sceptiques, ils rient du mot et de la chose; ils
318 367 1545 426 s'en moquent. La République, c'est toujours "la gueuse" pour
318 428 1542 492 eux; mais il faut faire semblant de l'admettre; c'est le mot
316 499 1586 560 d'ordre, suprême mystification, la mascarade ! Cette usurpation
463 465 507 514 la
315 562 1524 618 de titre ne tromperait toutefois personne, si la réaction ne
313 633 1520 688 pouvait gagner à elle quelques renégats bien en vue du parti
313 690 1599 756 républicain. C'est ce qui s'est fait dans la Sarthe à la faveur
311 757 1414 822 et sous le prétexte de l'emprisonnement de M. Caillaux.
683 834 1531 889 Un Sénateur douteux, nommé Lebert, cafard,
313 900 1582 964 jésuite, divorcé, taré, besogneux, a mendié jadis de M.Caillaux
309 959 1597 1028 des appuis et de l'argent; M. Caillaux a eu la faiblesse de lui
309 1023 1540 1091 en procurer. Il a consenti à le recommander à Bolo ! lequel
309 1089 1613 1162 Bolo a fini par envoyer à Lebert, sur son insistance, un chèque.-
307 1160 1611 1232 Et Lebert a remercié avec effusion par des lettres photographiées
302 1230 1535 1292 qui seront versées au procès. Il était compromis à jamais si
305 1288 1535 1356 l'entourage de Clemenceau ne lui était pas venu en aide, à la
305 1367 1494 1422 condition qu'il changerait et passerait du côté des
305 1433 1531 1501 accusateurs de Caillaux. Ce que fit Lebert sans scrupule, et
302 1499 1531 1559 même avec fracas, pour s'assurer plus largement sans doute le
302 1556 752 1625 prix de sa conversion.
694 1627 1472 1700 J'ai manifesté, comme vous pensez, mon
300 1699 1566 1770 dégoût pour cette volte-face; mais, par là même j'ai recommandé
296 1764 1529 1834 Lebert implicitement à la confiance de la réaction. Et voilà
293 1821 1621 1905 mon Lebert devenu le porte-drapeau du parti anti-Caillautiste, dont
296 1900 1564 1969 on voudrait faire le parti anti-d'Estournelliste, anti-républi-
294 1953 710 2023 cain, autrement dit.
