1731 2197
780 115 932 173 - 17 -
274 212 1540 285 manifestation franco-américaine, organisée à votre passage dans
280 292 459 347 l'Aisne.
432 347 1558 410 Le soir de ce Samedi 14, vous avez dû dîner et coucher à
280 424 1588 477 Bruxelles, pour être ensuite à proximité de Louvain et de La Haye.
285 487 1578 547 A Louvain vous attendait la cérémonie de l'inauguration partielle
283 541 1595 622 de l'Université, à La Haye d'importantes manifestations de la Cour
282 611 1619 675 de Justice Internationale, avant votre départ pour Londres et votre
282 677 1111 748 embarquement pour l'Amérique, le 11 Août.
437 741 1599 809 Voilà, mon cher Butler, le journal fidèle de votre passage
278 816 1436 882 à Paris et en France. Vous avez bien employé votre temps.
862 900 1461 972 Votre affectueusement dévoué.
128 1296 1055 1373 à Monsieur le Président Nicholas Murray BUTLER
487 1347 663 1415 NEW-YORK
