1744 2197
787 129 939 197 - 14 -
439 225 1602 303 Nous avons approuvé les rapports sur le Comité de Coopéra-
287 302 1372 358 tion intellectuelle et la Bibliothèque Russe à Prague.
445 360 1588 432 En ce qui concerne le "National Peace Council", vous avez
291 426 1551 494 très clairement expliqué les scrupules de la Dotation, et c'est
289 492 1626 558 alors que vous avez provoqué les protestations du Baron d'Adelsward.
285 560 1634 622 Je n'y reviens pas. Le procès-verbal fait justice de ces critiques
289 631 1628 692 acerbes, assez ingrates et peu encourageantes pour la Dotation.Car-
293 703 434 757 negie.
439 754 1577 822 Le Professeur Redlich a ménagé la chèvre et le chou. Le
291 823 1610 889 Comte Mensdorff aurait été plus solide. Les critiques d'Adelsward
291 893 1575 959 vous ont, en somme, donné, ainsi qu'à Scott, l'occasion de faire
294 964 1353 1023 connaître au Conseil bien des vérités qu'il ignorait:
445 1019 1591 1087 1°) La Dotation n'est pas libre, aux Etats-Unis, de faire
296 1094 1639 1158 opposition à l'opinion et aux pouvoirs publics américains. €€ €€
448 1157 1630 1213 2°) Elle n'est pas riche comme on le croit: elle reçoit, en
294 1219 1634 1287 un mois, assez de demandes d'argent pour absorber, non pas seulement
294 1288 908 1347 ses revenus, mais son capital.
450 1345 1615 1418 3°) enfin, elle n'est même pas reconnue d'utilité publique
294 1420 1617 1482 aux Etats-Unis, où on l'accuse volontiers de défendre des intérêts
296 1482 1558 1545 capitalistes; on la soumet à des enquêtes parlementaires: on la
300 1554 1654 1618 soupçonne de vouloir imposer une politique internationale différente
296 1611 1617 1680 de celle qui a le consentement des Etats-Unis (c'est exactement le
298 1686 1579 1739 reproche qu'adresse M. Poincaré à quiconque ne vote pas pour lui
298 1744 1057 1812 au Sénat et à la Chambre des Députés.)
457 1816 1562 1874 En fait, tout gouvernement revendique le monopole de la
300 1878 1615 1949 politique extérieure; et toute organisation internationale, quelle
304 1937 1615 2008 qu'elle soit, empiète inévitablement sur les prétentions gouverne-
304 2006 1476 2070 mentales, à moins d'être volontairement aveugle et servile.
