1741 2197
874 119 1018 194 - 35 -
692 254 912 316 Attendons.
694 329 888 397 5 heues.
557 384 1651 465 Cette fois, les pas précipités sont plus pressés, plus
313 459 1510 521 sonores, plus nombreux; des exclamations les accompagnent.
315 530 1590 585 d'Estournelles est élu avec 458 voix!! Cordelet ne vient qu'en-
311 600 1491 659 suite, avec dix voix de moins: 447; s'il lui avait manqué
309 660 1574 725 onze voix, il n'avait pas la majorité absolue: 436 voix, et il
313 737 1590 796 était soumis à un second scrutin de ballottage; alors il était
313 794 1489 851 sûr d'être battu par Gigon qui le rejoignait. C'est égal.
313 867 1612 930 d'Estournelles passe! Vive d'Estournelles! Vive la République!
311 933 1561 995 On m'embrasse, j'embrasse. Tout le monde s'embrasse. On/crie,
306 995 1623 1061 je crie, tout le monde crie. En bas, la grande salle est pleine;
309 1065 1618 1135 on me réclame. Je descends. Je parle; je remercie, on acclame,
311 1131 1605 1191 on rit, on triomphe! Un souffle généraux des grands jours passe
311 1208 1550 1255 sur l'assemblée. Les visages rayonnent, illuminent. La Mar-
309 1272 1576 1334 seillaise alors éclate, comme je ne l'ai jamais mieux entendue,
307 1331 1585 1398 d'une seule formidable exclamation! On ouvre les fenêtres afin
304 1406 1486 1461 que la Préfecture ne perde rien de la manifestation. Mais
306 1466 1565 1534 l'heure passe vite; les délégués ont à passer à la Préfecture
304 1541 1563 1590 pour signer leur feuille et toucher leur indemnité de déplace-
304 1609 1543 1658 ment. Ils ont à regagner la gare pour y prendre leurs trains
307 1677 1499 1731 spéciaux de retour, sous peine d'être obligés de découcher.
560 1746 1599 1812 On se sépare enfin, en se promettant de s'organiser
306 1807 604 1858 pour l'avenir.
562 1863 1599 1927 Le lendemain, j'adresse à M.M. les Délégués Sénato-
307 1929 1598 2006 riaux mes remerciements, que voici. Plutôt sévères, ils doivent
