1731 2197
875 117 1014 181 - 22 -
353 254 1643 316 querelle avec le vent... le chat de Mme. Baroux franchissant les
353 318 1577 389 murs pour échanger des visites avec la chatte de Mme. Fertré,
353 391 631 454 etc...etc....
763 450 1560 516 Pendant ce temps arrivait mon chauffeur
351 518 1602 584 David avec l'auto pour mes randonnées, quand je ne partais pas
355 595 631 653 dès le matin.
760 659 1639 723 Mon succès, dans cette campagne, comme dans
353 726 1564 779 celles de toute ma vie, tient à ce que, dans l'action, je me
351 789 1503 851 garde de l'agitation et du bruit et des importuns. Je me
353 853 1621 920 réserve, avant d'agir, le temps de bien réfléchir, d'écrire, de
355 930 1219 992 relire, de ne rien faire que de sang froid.
765 994 1577 1056 Ainsi, j'ai pu faire toutes mes visites,
353 1056 1621 1116 avec une méthode qu'heureusement rien n'a trouvé. Ces visites
351 1125 1635 1191 je les avais préparées, c'est là l'essentiel, par une grande as-
349 1197 1613 1254 siduité de toute ma vie, à mes devoirs de représentant du pays;
351 1261 1600 1320 j'ai toujours tenu à voir mes mandants, surtout les plus éloi-
349 1332 1617 1393 gnés, et à rester avec eux et leur famille, autant que possible
349 1398 1560 1448 en contact confiant, familier. En sorte que, cette fois, je
349 1453 1692 1526 suis venu, -tout est là,- non pas voir, mais revoir mes électeurs.
756 1532 1615 1592 La carte ci-jointe vous permettra, si vous
348 1587 1615 1660 en avez le temps, de suivre mon récit forcément très précipité;
349 1662 1633 1720 car il faut savoir que quelques-unes de mes visites, suivant les
348 1728 1632 1788 circonstances, duraient jusqu'à près d'une heure, quand elles me
346 1790 1553 1860 plaisaient particulièrement, quand je rencontrais des coeurs
344 1860 1535 1937 humains, sans fausseté. Parfois, il fallait discuter, ou se
