1698 2197
701 177 1056 254 LETTRE N° 846.
225 309 426 369 SÉNAT
1080 329 1566 406 PARIS, le 20 Juin 1921.
359 474 1298 560 LE DÉPART DE L'AMBASSADEUR HUGH C. WALLACE.-
558 552 1027 622 UN ENNEMI DU PEUPLE.
544 686 890 737 Mon cher Butler,
221 878 1575 948 der la réunion organisée par France-Amérique en l'honneur de M. et
443 807 1558 871 En l'absence d'Hanotaux hier, j'ai été appelé à prési-
219 946 1192 1012 Mme Hugh C. Wallace avant leur départ de Paris.
445 1012 1518 1074 A la différence de ses prédécesseurs, j'ai peu connu
223 1083 1593 1142 personnellement M. Hugh C. Wallace. Il a été très pris par les dif-
223 1151 1558 1208 ficultés de sa situation et par la complexité de ses nombreux de-
223 1217 1544 1274 voirs et à l'Ambassade et à la Conférence des Ambassadeurs. J'ai
225 1288 1597 1343 voulu d'autant plus saisir l'occasion de louer le soin et le succès
223 1351 1613 1415 qu'apport le Gouvernement des Etats-Unis à choisir ses ambassadeurs.
227 1424 1597 1484 Je ne juge pas seulement, je compare et je constate que, depuis des
221 1486 1555 1548 années, sans remonter jusqu'à Franklin, depuis le poète adorable,
225 1558 1613 1616 Lowell, que j'ai connu à Londres, depuis Mac Lane, le Général Porter
230 1620 1615 1691 Choate jusqu'à Bacon et Myron Herrick, votre pays cherche et réussit
227 1693 1597 1759 à se faire représenter en Europe par des personnalités respectables
228 1763 1522 1818 et de réelle valeur. Ce jeune pays donne à notre vieux monde un
228 1830 1540 1885 noble exemple. Mais, plus les Etats-Unis avaient su bien choisir
230 1902 1540 1962 jusqu'ici leurs représentants à Paris, plus il était difficile à
109 1990 956 2077 à M. le Président Nicholas Murray BUTLER.
