1745 2197
900 133 1036 186 - 4 -
322 298 1620 366 Le jour où nous saurions faire comprendre aux Allemands que nous
329 369 1541 421 sommes vainqueurs de leur violence, mais que nous ne voulons
327 426 1576 488 pas la leur faire payer par d'autres violences, ils finiraient
327 492 1517 556 par se convraincre ou par trouver des chefs XXXXXX pour les
327 567 1594 622 convaincre que la paix est, en dernier ressort, la suprême res-
324 626 1466 697 source de/leur pays comme du nôtre, comme du monde entier.
756 701 1565 761 Mais il faut,- non du jour au lendemain,
322 767 1550 829 certes, peu à peu, sagement, raisonnablement,- les amener par
320 829 1534 891 notre action et par notre exemple, à subordonner la Force au
322 897 1550 957 Droit. D9ici là de grandes précautions seront à prendre pour
320 957 1569 1021 que les Allemands XX nous aident à ménager la transition et ne
320 1025 1594 1096 menacent pas notre sécurité, condition première de toute action
318 1087 1464 1157 pacificatrice. Nous avons à Berlin des Français vraiment
311 1149 1629 1230 admirables, que je connais bien; mais que peuvent-ils contre les
320 1228 1527 1288 sottises inévitables commises par quelques individualités du
322 1283 736 1358 corps d'occupation ?
930 1393 1516 1461 Votre affectueusement dévoué,
214 1645 1160 1722 à Monsieur le Président Nicholas Murray BUTLER,
631 1720 831 1796 NEW-YORK.
