<?xml version="1.0" encoding="UTF-8"  standalone="yes"?>
<PcGts xmlns="http://schema.primaresearch.org/PAGE/gts/pagecontent/2019-07-15" xmlns:xsi="http://www.w3.org/2001/XMLSchema-instance" xsi:schemaLocation="http://schema.primaresearch.org/PAGE/gts/pagecontent/2019-07-15 http://schema.primaresearch.org/PAGE/gts/pagecontent/2019-07-15/pagecontent.xsd">
  <Metadata>
	<Creator>escriptorium</Creator>
	<Created>2022-05-20T11:35:45.082447+00:00</Created>
        <LastChange>2022-05-20T11:35:45.082468+00:00</LastChange>

  </Metadata>
  <Page imageFilename="FRAD072_12J391_lettre1358_010.jpg" imageWidth="1739" imageHeight="2197">

    

    
    <TextRegion id="eSc_dummyblock_">
    
    
      <TextLine id="eSc_line_1c4a0ea0" >
        <Coords points="782,170 776,146 925,140 930,166 930,188 848,195 848,195 846,195 846,195 780,184"/>
        <Baseline points="782,170 930,166"/>
        <TextEquiv>
          <Unicode>- 10 -</Unicode>
        </TextEquiv>
      </TextLine>

    
    
      <TextLine id="eSc_line_86480149" >
        <Coords points="298,241 293,216 337,203 339,203 339,203 340,203 340,203 443,214 487,205 487,205 487,205 489,205 489,205 546,214 582,203 584,203 584,203 584,203 586,203 586,203 588,203 588,203 619,214 632,203 632,203 634,203 634,203 635,203 635,203 635,203 637,203 637,203 701,212 758,203 758,203 760,203 760,203 760,203 815,214 815,214 817,214 846,203 846,203 848,203 848,203 850,203 850,203 850,203 852,203 886,212 958,201 958,201 960,201 960,201 1055,212 1097,201 1099,201 1099,201 1101,201 1597,214 1601,238 1599,258 298,263"/>
        <Baseline points="298,241 1601,238"/>
        <TextEquiv>
          <Unicode>les autres. Je fais appel à Madame et Mlle Butler pour que, loin</Unicode>
        </TextEquiv>
      </TextLine>

    
    
      <TextLine id="eSc_line_da324e46" >
        <Coords points="300,307 298,278 1662,274 1665,311 1663,336 985,336 984,335 984,335 982,335 982,335 967,329 956,325 784,327 364,333 362,333 362,333 298,322"/>
        <Baseline points="300,307 1665,311"/>
        <TextEquiv>
          <Unicode>de vous intimider, elles vous enhardissent. Je connais des Français,</Unicode>
        </TextEquiv>
      </TextLine>

    
    
      <TextLine id="eSc_line_ad881b6c" >
        <Coords points="300,375 302,335 342,349 415,349 439,336 441,336 443,336 498,347 529,335 531,335 533,335 535,335 606,347 637,336 639,336 641,336 643,336 672,347 690,335 692,335 694,335 696,335 698,335 775,347 901,347 921,336 923,336 925,336 927,336 929,336 949,349 1313,349 1343,336 1345,336 1346,336 1348,336 1350,336 1370,349 1414,355 1463,358 1537,358 1633,355 1652,335 1652,375 1652,408 1346,408 1345,406 1249,391 1128,402 1126,402 1125,402 1099,391 952,391 936,402 934,402 932,402 930,402 870,395 824,404 822,404 820,404 819,404 800,391 765,400 764,400 762,400 760,400 740,391 685,406 683,406 681,406 679,406 612,393 588,406 586,406 584,406 582,406 505,391 430,404 428,404 340,391 302,406"/>
        <Baseline points="300,375 1652,375"/>
        <TextEquiv>
          <Unicode>à commencer par M. Poincaré, qui ne sont pas si modestes: €€€</Unicode>
        </TextEquiv>
      </TextLine>

    
    
      <TextLine id="eSc_line_e278e6f2" >
        <Coords points="300,441 298,406 1612,408 1616,437 1612,466 1550,459 1533,468 1528,470 1526,470 1524,470 1498,468 1431,461 1416,468 1412,470 1410,470 1410,472 1247,472 1246,470 1244,470 1242,470 1227,459 1018,459 989,470 987,470 985,470 984,470 846,461 760,472 754,472 753,472 751,472 721,461 608,461 568,472 566,472 564,472 562,472 560,472 547,461 478,470 476,470 428,461 412,472 410,472 408,472 300,474"/>
        <Baseline points="300,441 1616,437"/>
        <TextEquiv>
          <Unicode>€€ qu&#39;il sait l&#39;anglais, j&#39;en doute, mais je suis sûr qu&#39;il ne le</Unicode>
        </TextEquiv>
      </TextLine>

    
    
      <TextLine id="eSc_line_68fada19" >
        <Coords points="304,508 304,477 1596,479 1596,508 1594,534 302,527"/>
        <Baseline points="304,508 1596,508"/>
        <TextEquiv>
          <Unicode>comprend pas; en tout cas, il est persuadé, lui, qu&#39;il le comprend</Unicode>
        </TextEquiv>
      </TextLine>

    
    
      <TextLine id="eSc_line_fc348544" >
        <Coords points="304,574 300,543 1592,538 1597,571 1597,589 1577,600 1577,600 1577,600 1575,600 1575,600 1574,600 1574,600 1469,591 1363,600 1363,600 1361,600 1231,591 1211,591 1185,591 1044,600 1042,600 910,593 885,593 883,593 874,602 874,602 872,602 872,602 872,602 870,602 870,602 870,602 868,602 775,595 749,593 725,595 656,602 656,602 654,602 654,602 654,602 652,602 632,595 623,593 602,595 558,602 558,602 557,602 557,602 557,602 524,596 503,593 304,596"/>
        <Baseline points="304,574 1597,571"/>
        <TextEquiv>
          <Unicode>et qu&#39;il le parle, et cette prétention ajoute à toutes les causes</Unicode>
        </TextEquiv>
      </TextLine>

    
    
      <TextLine id="eSc_line_06e1949e" >
        <Coords points="302,638 298,613 1172,606 1178,635 1174,662 300,657"/>
        <Baseline points="302,638 1178,635"/>
        <TextEquiv>
          <Unicode>de malentendus de son existence de chicanes.</Unicode>
        </TextEquiv>
      </TextLine>

    
    
      <TextLine id="eSc_line_4997b3b9" >
        <Coords points="298,768 298,734 1594,745 1596,772 1594,798 298,798"/>
        <Baseline points="298,768 1596,772"/>
        <TextEquiv>
          <Unicode>nous arriverons à atténuer, par l&#39;organisation de notre Concilia-</Unicode>
        </TextEquiv>
      </TextLine>

    
    
      <TextLine id="eSc_line_a40eec24" >
        <Coords points="456,701 456,673 1643,682 1645,710 1643,732 943,732 941,730 941,730 940,730 940,730 940,730 938,730 938,730 938,728 930,721 929,721 901,721 699,728 698,728 698,728 613,719 474,726 472,726 472,726 472,726 470,726 470,726 469,726 450,715"/>
        <Baseline points="456,701 1645,710"/>
        <TextEquiv>
          <Unicode>Collins a été parfait. J&#39;espère que, grâce à lui et à vous,</Unicode>
        </TextEquiv>
      </TextLine>

    
    
      <TextLine id="eSc_line_97dad106" >
        <Coords points="302,834 298,803 863,798 868,831 866,856 302,856"/>
        <Baseline points="302,834 868,831"/>
        <TextEquiv>
          <Unicode>tion, l&#39;insularité anglaise.</Unicode>
        </TextEquiv>
      </TextLine>

    
    
      <TextLine id="eSc_line_e376ac95" >
        <Coords points="454,898 452,873 1651,869 1654,904 1651,930 1137,922 1081,930 1062,931 1062,931 1060,931 1060,931 1060,931 1059,931 1059,931 1059,931 1055,930 1040,922 1013,930 1006,931 1004,931 1004,931 1002,931 1002,931 1002,931 1000,931 1000,931 1000,931 996,930 982,922 962,930 956,931 956,931 954,931 954,931 952,931 952,931 952,931 938,930 901,922 883,930 877,931 877,931 875,931 875,931 875,931 874,931 874,931 874,931 872,931 872,931 870,931 868,930 852,920 835,930 833,930 833,930 833,930 831,930 831,930 830,930 830,930 828,930 828,930 828,930 826,930 808,920 454,928"/>
        <Baseline points="454,898 1654,904"/>
        <TextEquiv>
          <Unicode>J&#39;ai été heureux de mettre du beaume sur les susceptibilités</Unicode>
        </TextEquiv>
      </TextLine>

    
    
      <TextLine id="eSc_line_4f57cd71" >
        <Coords points="300,966 295,941 665,937 670,963 676,979 667,990 665,990 665,992 665,992 663,992 663,992 663,992 661,992 661,992 659,992 520,986 485,984 300,994"/>
        <Baseline points="300,966 670,963"/>
        <TextEquiv>
          <Unicode>du pauvre Nippold.</Unicode>
        </TextEquiv>
      </TextLine>

    
    
      <TextLine id="eSc_line_e7fb3f99" >
        <Coords points="456,1030 456,997 1108,1005 1134,1003 1205,995 1205,995 1207,995 1207,995 1255,1005 1273,1006 1343,1005 1564,997 1566,997 1566,997 1634,1008 1636,1036 1632,1067 1396,1056 1341,1063 1312,1067 1312,1067 1310,1067 1310,1067 1308,1067 1308,1067 1308,1067 1306,1067 1301,1063 1290,1056 1231,1061 1207,1063 1207,1063 1205,1063 1205,1063 1203,1063 1194,1061 1167,1054 1141,1060 1121,1065 1119,1065 1119,1065 1117,1065 1117,1065 1077,1060 1040,1054 989,1058 894,1065 892,1065 892,1065 892,1065 890,1065 861,1056 848,1052 776,1054 547,1063 546,1063 546,1063 454,1049"/>
        <Baseline points="456,1030 1636,1036"/>
        <TextEquiv>
          <Unicode>J&#39;ai multiplié les attentions pour la Russie, sans oublier</Unicode>
        </TextEquiv>
      </TextLine>

    
    
      <TextLine id="eSc_line_7216562e" >
        <Coords points="300,1098 296,1061 340,1071 368,1063 382,1060 384,1060 384,1060 384,1060 386,1060 494,1069 498,1094 494,1122 298,1118"/>
        <Baseline points="300,1098 498,1094"/>
        <TextEquiv>
          <Unicode>le Japon.</Unicode>
        </TextEquiv>
      </TextLine>

    
    
      <TextLine id="eSc_line_c4770d62" >
        <Coords points="459,1162 459,1131 1596,1140 1597,1169 1594,1201 1017,1188 943,1190 798,1197 797,1197 797,1197 797,1197 795,1197 795,1197 795,1197 778,1188 767,1197 767,1197 765,1197 765,1197 765,1197 764,1197 764,1197 762,1197 762,1197 762,1197 760,1197 760,1197 760,1197 742,1188 738,1186 718,1186 593,1195 591,1195 591,1195 591,1195 590,1195 590,1195 568,1186 547,1195 547,1195 547,1195 546,1195 546,1195 544,1195 544,1195 544,1195 494,1186 483,1195 483,1195 481,1195 481,1195 481,1195 480,1195 480,1195 478,1195 478,1195 478,1195 476,1195 476,1195 474,1195 452,1182"/>
        <Baseline points="459,1162 1597,1169"/>
        <TextEquiv>
          <Unicode>Si vous rencontrez en Angleterre Mme Carnegie, faites-lui</Unicode>
        </TextEquiv>
      </TextLine>

    
    
      <TextLine id="eSc_line_9f79fc15" >
        <Coords points="298,1228 298,1202 1354,1208 1356,1233 1354,1255 1275,1265 1275,1265 1273,1265 1183,1255 1180,1255 1176,1255 1099,1266 1099,1266 1097,1266 1097,1266 1097,1266 1095,1266 1095,1266 1095,1266 1093,1266 1077,1255 1031,1255 1007,1266 1007,1266 1007,1266 1006,1266 1006,1266 1004,1266 1004,1266 1004,1266 1002,1266 1002,1266 974,1254 973,1254 971,1254 908,1265 908,1265 908,1265 907,1265 907,1265 905,1265 905,1265 905,1265 903,1265 886,1254 885,1254 857,1254 831,1254 806,1265 806,1265 804,1265 804,1265 804,1265 802,1265 802,1265 721,1255 652,1265 652,1265 650,1265 650,1265 650,1265 648,1265 601,1252 555,1263 553,1263 553,1263 551,1263 551,1263 551,1263 549,1263 549,1263 547,1263 529,1252 461,1263 461,1263 459,1263 459,1263 459,1263 458,1263 458,1263 456,1263 456,1263 445,1254 432,1263 430,1263 430,1263 428,1263 428,1263 428,1263 426,1263 426,1263 426,1263 425,1263 425,1263 423,1263 423,1263 423,1263 410,1252 331,1261 331,1261 329,1261 329,1261 328,1261 328,1261 293,1248"/>
        <Baseline points="298,1228 1356,1233"/>
        <TextEquiv>
          <Unicode>le récit de notre inauguration, elle en sera touchée.</Unicode>
        </TextEquiv>
      </TextLine>

    
    
      <TextLine id="eSc_line_da14864b" >
        <Coords points="300,1526 300,1493 353,1497 375,1493 419,1484 419,1484 419,1484 421,1484 421,1484 423,1484 423,1484 450,1493 461,1497 485,1493 553,1484 553,1484 555,1484 555,1484 555,1484 557,1484 557,1484 580,1495 586,1499 771,1499 776,1497 791,1486 793,1486 793,1486 793,1486 795,1486 795,1486 797,1486 956,1486 956,1486 956,1486 958,1486 1000,1499 1011,1501 1028,1499 1095,1488 1095,1488 1097,1488 1097,1488 1097,1488 1099,1488 1099,1488 1128,1499 1154,1490 1154,1490 1156,1490 1156,1490 1158,1490 1158,1490 1224,1501 1233,1501 1244,1501 1356,1490 1357,1490 1357,1490 1357,1490 1359,1490 1359,1490 1361,1490 1361,1490 1376,1501 1378,1503 1385,1501 1438,1492 1438,1492 1438,1492 1440,1492 1612,1504 1614,1534 1612,1552 1434,1567 1432,1567 1432,1567 1315,1554 1286,1552 1268,1556 1225,1563 1225,1563 1224,1563 1224,1563 1224,1563 1187,1556 1169,1552 1125,1556 1062,1561 1060,1561 1060,1561 1013,1556 956,1550 798,1550 787,1558 780,1563 780,1563 778,1563 778,1563 776,1563 776,1563 776,1563 775,1563 775,1563 775,1563 749,1558 714,1550 683,1558 665,1563 663,1563 663,1563 661,1563 298,1559"/>
        <Baseline points="300,1526 1614,1534"/>
        <TextEquiv>
          <Unicode>Enquête Economique.- Vous serez fier, plus tard, de l&#39;enquête con-</Unicode>
        </TextEquiv>
      </TextLine>

    
    
      <TextLine id="eSc_line_911ee275" >
        <Coords points="302,1590 302,1558 1614,1572 1616,1601 1612,1631 698,1616 637,1616 331,1622 329,1622 329,1622 328,1622 328,1622 298,1611"/>
        <Baseline points="302,1590 1616,1601"/>
        <TextEquiv>
          <Unicode>fiée à Rist. Elle fera le pendant de celle de Lichtenberger; mais</Unicode>
        </TextEquiv>
      </TextLine>

    
    
      <TextLine id="eSc_line_a442d9f9" >
        <Coords points="302,1658 302,1625 1519,1640 1520,1666 1520,1684 1491,1695 1491,1695 1489,1695 1489,1695 1489,1697 1251,1697 1249,1695 1249,1695 1180,1684 1172,1684 1169,1684 1147,1693 1147,1693 1145,1693 1145,1693 1143,1693 965,1684 903,1682 881,1684 835,1691 835,1691 833,1691 833,1691 786,1684 762,1682 718,1684 624,1691 623,1691 623,1691 623,1691 590,1684 566,1680 529,1684 491,1689 491,1689 489,1689 300,1684"/>
        <Baseline points="302,1658 1520,1666"/>
        <TextEquiv>
          <Unicode>il faudra le relancer, car tous les gouvernements, toutes les</Unicode>
        </TextEquiv>
      </TextLine>

    
    
      <TextLine id="eSc_line_6523330d" >
        <Coords points="300,1724 300,1693 1552,1704 1553,1731 1550,1750 298,1742"/>
        <Baseline points="300,1724 1553,1731"/>
        <TextEquiv>
          <Unicode>académies, toutes les écoles trouveront qu&#39;ils n&#39;ont aucunement</Unicode>
        </TextEquiv>
      </TextLine>

    
    
      <TextLine id="eSc_line_9f5da075" >
        <Coords points="300,1788 300,1757 1557,1774 1557,1799 1553,1825 298,1816"/>
        <Baseline points="300,1788 1557,1799"/>
        <TextEquiv>
          <Unicode>besoin de nos conseils, encore moins de notre assistance, et se</Unicode>
        </TextEquiv>
      </TextLine>

    
    
      <TextLine id="eSc_line_1a542a61" >
        <Coords points="302,1856 302,1829 1550,1832 1552,1865 1548,1891 300,1874"/>
        <Baseline points="302,1856 1552,1865"/>
        <TextEquiv>
          <Unicode>comporteront, à peu près, comme l&#39;Union Interparlementaire qui,</Unicode>
        </TextEquiv>
      </TextLine>

    
    
      <TextLine id="eSc_line_51ec3b7e" >
        <Coords points="304,1918 304,1893 1590,1898 1592,1929 1588,1955 1410,1946 1339,1955 1321,1957 1321,1957 1319,1957 1319,1957 1319,1957 1317,1957 1310,1955 1286,1948 1262,1955 1244,1960 1242,1960 1242,1960 1242,1960 1240,1960 1240,1960 1238,1960 1216,1955 1187,1948 1051,1953 1049,1953 1049,1953 960,1942 842,1953 822,1955 822,1955 820,1955 820,1955 809,1953 732,1938 707,1951 707,1951 707,1951 705,1951 705,1951 705,1951 703,1951 703,1951 628,1938 601,1953 599,1953 599,1953 599,1953 597,1953 597,1953 597,1953 595,1953 595,1953 593,1953 593,1953 593,1953 591,1953 591,1953 591,1953 579,1942 547,1949 546,1949 546,1949 544,1949 544,1949 542,1949 503,1940 452,1953 447,1953 447,1953 447,1953 445,1953 302,1951"/>
        <Baseline points="304,1918 1592,1929"/>
        <TextEquiv>
          <Unicode>sous prétexte qu&#39;elle a nommé une commission économique, voudrait</Unicode>
        </TextEquiv>
      </TextLine>

    
    
      <TextLine id="eSc_line_2cf75a49" >
        <Coords points="302,1984 300,1962 439,1951 441,1951 536,1962 551,1964 560,1962 612,1953 613,1953 615,1953 645,1964 652,1966 661,1964 710,1951 712,1951 714,1951 716,1951 718,1951 732,1964 734,1964 738,1964 798,1958 800,1958 802,1958 804,1958 811,1964 817,1968 930,1968 932,1966 941,1957 943,1957 945,1957 947,1957 949,1957 971,1966 976,1969 1055,1969 1062,1966 1101,1955 1103,1955 1104,1955 1106,1955 1128,1968 1134,1969 1158,1968 1194,1971 1233,1971 1273,1978 1322,1978 1352,1978 1392,1978 1435,1977 1485,1981 1569,1979 1630,1971 1634,1999 1632,2024 1302,2028 1301,2028 1205,2019 1181,2017 1172,2019 1136,2026 1134,2026 1055,2017 1040,2015 1028,2017 969,2024 967,2024 828,2013 798,2012 775,2012 637,2021 635,2021 300,2004"/>
        <Baseline points="302,1984 1634,1999"/>
        <TextEquiv>
          <Unicode>interdire aux penseurs et aux spécialistes de lui €€ €€€</Unicode>
        </TextEquiv>
      </TextLine>

    
    
      <TextLine id="eSc_line_92bd4a73" >
        <Coords points="304,2048 304,2015 764,2026 765,2054 762,2079 300,2070"/>
        <Baseline points="304,2048 765,2054"/>
        <TextEquiv>
          <Unicode>sur ce terrain réservé.</Unicode>
        </TextEquiv>
      </TextLine>

    
    </TextRegion>
    
  </Page>
</PcGts>
