1742 2197
844 129 965 179 - 2 -
448 217 1580 283 3°- Le lendemain Mardi 3, l'après-midi, nous nous sommes
291 281 1577 347 retrouvés rue Pierre Curie où notre personnel vous attendait im-
293 349 1544 411 patiemment, y compris le Professeur Lichtenberger qui tenait à
294 415 1615 483 s'entretenir longuement avec vous. De là nous n'avons pu résister
293 488 1613 556 au plaisir d'aller jeter un coup d'oeil rapide sur l'hôtel du Bou-
291 558 1595 616 levard Saint-Germain, encore aux mains des ouvriers mais déjà ma-
293 616 1595 679 gnifique, rayonnant d'avenir, en dépit et en raison même des tra-
289 679 1681 761 vaux sérieux que nous y faisons, peinture, nettoyage, adaptation, etc.
443 748 1608 818 Le Mercredi 4, j'ai renoncé, pour ne pas trop me surmener,
285 820 1635 882 à me rendre avec vous au dîner de la Chambre de Commerce Américaine
291 878 1615 952 où vous avez parlé et rencontré quantité de personnalités intéres-
291 955 1632 1016 santes, à commencer par le Maréchal Foch, et votre cher ambassadeur
289 1021 646 1076 Myron T. Herrick.
443 1083 1575 1153 Le Jeudi 5, vous êtes venu au Sénat avec M. et Mme Brown
293 1153 1668 1222 Scott que mon fils et ma belle-fille étaient allés attendre la veille
285 1219 1595 1285 à la Gare Saint-Lazare, puis installer à l'hôtel Lutetia, et avec
291 1277 1628 1347 Shotwell. Pour la première fois, les représentants des trois Divi-
291 1345 1533 1418 sions de la Dotation se trouvaient ensemble à Paris. Les deux
289 1418 1610 1482 groupes interparlementaires de l'Union Française et de nos Régions
287 1484 1626 1548 Dévastées ont tenu à profiter de votre visite pour vous exprimer la
287 1550 1608 1618 gratitude des populations qu'ils représentent et, je puis dire, de
285 1611 1571 1680 la France entière, pour les généreuses initiatives prises par la
285 1682 1606 1742 Dotation, tant de fois, avant, pendant et depuis la guerre, et no-
287 1744 1617 1821 tammet pour ce qu'elle a fait à la Sorbonne, à Reims, à Fargniers,
280 1805 934 1883 à Belgrade, à Louvain, etc. etc.
437 1876 1507 1940 Ont pris la parole pour vous remercier, après moi, le
