1394 2197
692 86 820 139 - 18 -
263 210 1298 267 Département, (au total ££ communes) sans en négliger un seul
267 281 1214 327 et j'ai été prendre pour juges, en personne, chez eux, les
263 325 619 382 délégués sénatoriaux.
564 382 1254 433 Rude entreprise, en plein hiver, seul, ne
265 437 1212 492 pouvant, ne voulant pas être accompagné; préférant parler
261 492 1256 538 d'homme à homme, ou en famille, le plus possible, exposer les
261 545 1318 596 faits. Mais, tout de même, n'ayant que les journées bien courtes
260 593 1287 655 de la fin de Décembre et du commencement de Janvier, consacrant
261 646 1187 704 à ces randonnées les fêtes de la Noël et du Jour de l'An.
558 708 1273 754 Heureusement, malgré l'état épouvantable de
258 754 1254 812 nos routes, semées de cailloux coupants, comme des tessons de
260 809 1241 864 bouteilles, malgré le droit, la pluie, la boue, le vent, la
258 865 1300 917 tempête, mon auto américaine conduite par un excellent chauffeur
258 917 1252 975 Français, selon mon plan toujours bien arrêté, n'a pas eu une
258 972 1313 1028 seule panne autre que de rares crevaisons de pneumatiques, aussi-
256 1019 1328 1091 tôt changés ou réparés, et j'ai pu aller jusqu'au bout, réconforté
254 1085 1252 1135 par un accueil tellement cordial, tellement humain, tellement
254 1140 1274 1193 chaud, que ni mon âge, ni ma santé n'ont été pour moi une gêne.
254 1193 582 1246 J'ai eu vingt ans !
551 1237 1331 1312 Mon chauffeur, ancien adjudant, froid et résolu,
252 1290 1278 1352 décoré de plusieurs Croix de Guerre qu'il ne porte pas, tant il
252 1347 1263 1406 les a vues galvaudées, a été à la hauteur de la tâche, parfois
250 1404 1287 1468 cependant épuisante; quand nous partions à neuf heures du matin,
247 1464 1232 1514 par exemple, l'auto bien graissée, sinon bien lavée, pour ne
250 1515 1273 1569 rentrer qu'à onze heures du soir. J'étais heureux de sa résis-
247 1570 1318 1636 tance soumise à de telles épreuves, pendant la période des fêtes,-
142 1686 1258 1764 (I)  Tableau des chiffres officiels des cantons, des communes/et des
263 1733 877 1781 habitants du département de la Sarthe:
664 1784 1181 1832 CANTONS  COMMUNES  HABITANTS
703 1825 760 1872 10
260 1829 642 1871 Arrondissement du Mans
859 1829 952 1876 114
1016 1827 1164 1870 179.945
719 1860 760 1893 6
333 1867 631 1897 d°   de St-Calais
884 1860 917 1902 56
1056 1858 1172 1898 61.264
337 1892 596 1926 d°  de Mamers
855 1880 921 1929 141
1062 1885 1170 1924 93.250
701 1882 754 1924 10
708 1915 758 1964 7
337 1924 639 1957 d°  de La Flèche
879 1920 934 1946 75
1047 1911 1163 1969 84.911
503 1962 800 2012 au TOTAL: 33
844 1960 983 2006 386
1011 1958 1163 2012 419.370
