1724 2197
844 104 969 157 - 2 -
309 243 1584 292 reconnaître ce mérite, c'est faire oeuvre, comme lui, de parti-
313 311 1544 367 pris. Mais, cela étant, quand on a dit de lui: "il a fait la
307 367 1601 433 guerre",- personne ne pourra prétendre qu'il a fait la paix. Et
309 443 1566 496 la raison en est bien simple. Il n'a jamais cru à la paix, il
311 508 1608 569 n'a jamais conçu quoi que ce soit pour la préparer, la maintenir,
309 573 1601 626 la rétablir. Détruire, telle a été sa vie, toute sa vie, fatale
309 638 1482 690 aux Hohenzollern,- c'est heureusement ce qu'on ne peut pas
311 706 1579 759 contester. Mais demander à ce destructeur de construire, c'est
307 772 1460 822 une exigence absurde et dont il serait le premier à rire.
681 844 1581 891 A l'appui des critiques sombres et multiples
309 900 1597 959 de l'oeuvre de Clemenceau depuis l'armistice, je vous envoie ci-
307 964 1520 1023 joint un article, profond comme toujours, de notre admirable
307 1036 1575 1096 Ch. GIDE, paru dans une petite revue qui ne peut vivre indépen-
307 1102 1573 1162 dante qu'à force d'obscurité, l'"EMANCIPATION", de Janvier. Je
305 1169 1575 1226 m'honore, pour ma part, d'avoir été toujours du côté de Ch.GIDE
307 1235 1623 1298 contre les adorateurs, aujourd'hui les contempteurs de Clemenceau.
674 1305 1555 1358 En attendant, comment allons-nous sortir de
304 1367 1614 1426 ce lendemain de guerre qui n'est pas la paix? Le temps me manque
304 1424 1641 1490 pour recommander à votre attention un article violent mais pourtant
304 1499 1553 1554 digne d'être médité, et que publie, sous la signature d'Armand
304 1565 1562 1623 Charpentier, un journal presque révolutionnaire "LE POPULAIRE",
304 1625 1641 1697 d'hier soir 4 Février, sous ce titre: "De la Défaite à la Victoire,
305 1697 1590 1753 1872-1920". Voilà maintenant ce qui commence à sauter aux yeux:
672 1755 1231 1812 La victoire n'est pas tout.
670 1830 1590 1889 La défaite imméritée, si elle est vaillamment
302 1889 1571 1957 supportée, peut être un germe de force et de prospérité. Après
