1768 2197
895 144 983 200 -2-
381 236 1331 303 envoyé parler à John Hay. Vous savez la suite.
635 298 1658 367 Que ne vous ai-je pas écrit, que n'ai-je pas écrit
379 371 1599 437 aux Etats-Unis depuis lors ? Vingt années, juste, de ma vie
375 441 1654 499 se sont consacrées à nouer cet accord entre vos compatriotes et
381 503 1636 562 moi, puis entre votre pays et le mien. Vous avez suivi, favo-
379 576 1577 635 risé, un à un, tous ces efforts, jusqu'au jour où, avant la
381 649 1650 703 seconde Conférence de La Haye, qui dut son existence au dévoue-
377 703 1612 763 ment et à l'énergique intervention américaine, nous avons in-
377 779 1615 836 troduit, grâce à Carnegie, aux Etats-Unis, notre Conciliation
379 836 1634 900 en 1907. Puis la Conciliation a donné naissance à la Dotation
377 906 1634 972 pour la Paix et vous avez organisé, avec quels soins ! quelle
375 974 1614 1028 méthode !'ma belle campagne de conférences de l'Atlantique au
371 1034 1650 1098 Pacifique, du Canada au Golfe de Mexique, en 1911. Les lettres
379 1100 1632 1164 que j'ai publiées alors et qui faisaient suite à tant d'autres
375 1171 1647 1226 sont devenues un volume; et ce volume a contribué, avec quanti-
375 1237 1630 1292 té de discours, d'articles€ et de tracts, et de lettres, et de
377 1299 1626 1360 visites, à faire, en France, et surtout aux Etats-Unis, l'édu-
375 1367 1590 1426 cation de la paix que nous avions entreprise, la paix par le
375 1433 1626 1501 droit, contre le militarisme, pour toutes les Alsace-Lorraine!
626 1499 1566 1561 Le jour où le Gouvernement allemand, menacé de
375 1576 1623 1623 toutes parts, dans son ambition dominatrice, a cru pouvoir im-
373 1627 1586 1691 punément violer le droit et la neutralité de la Belgique, je
373 1702 1641 1757 n'ai eu qu'à continuer de vous écrire pour rester d'accord avec
373 1764 1526 1823 notre campagne et pour entreprendre de mobiliser, à notre
370 1830 1260 1896 secours, l'opinion américaine bien préparée.
628 1893 1575 1969 Vous avez, dès les premiers jours de la guerre,
