1736 2197
324 175 531 243 SÉNAT
758 117 1069 192 LETTRE N° 927.
1019 212 1499 281 PARIS, 9 Décembre 1921.
514 404 1338 485 LES BEAUTÉS de l'OCCUPATION MILITAIRE.-
618 492 1203 554 UNE MENTALITÉ de VAINQUEURS.
697 679 1041 745 Mon cher Butler,
322 849 1563 915 loin. Non seulement nous consacrons à garder l'Allemagne, et
576 774 1560 847 L'occupation militaire est un engrenage qui mène
320 924 1541 983 d'autres territoires étrangers, des centaines de milliers de
322 981 1519 1049 jeunes gens qui manquent au travail national et coûtent des
322 1045 1518 1105 sommes énormes à défalquer de celles que nous attendons des
322 1114 1558 1175 réparations de nos ennemis, mais ces jeunes gens sont démora-
320 1180 1457 1246 lisés par l'inaction. Cela est vrai pour tous les pays.
322 1309 1582 1376 je sais, de la m€lleure source, que nos contingents pourraient
575 1244 1594 1312 Pour ne parler que de l'occupation de l'Allemagne,
322 1373 1600 1439 être réduits de moitié sans imprudence, ou pour mieux dire, par
320 1440 1655 1508 prudence. Nous pourrions, par exemple, rappeler nos troupes noires
320 1510 1638 1581 auxquelles la propagande allemande fait une réputation légendaire
322 1587 1633 1647 tout à fait fausse mais indéracinable, et qui nous cause injuste-
320 1653 1596 1702 ment le plus grand préjudice. Ces troupes sont les plus disci-
322 1719 1615 1772 plinées du monde mais cela n'empêche que tous les Allemands sont
318 1777 1574 1847 systématiquement convaincus, par des brochures et des articles
324 1845 1594 1907 innombrables, qu'elles se rendent coupables continuellement des
194 1973 1032 2041 à Monsieur le Président N. Murray BUTLER.
